@book{Lamport:1994,
   Author = {Leslie Lamport},
   Title = {LaTeX: A Document Preparation System},
   Publisher = {Addison-Wesley Professional},
   Year = {1994},
}

@book{Oetiker:2013,
   Author = {Tobias Oetiker and Hubert Partl and Irene Hyna and Elisabeth Schlegl},
   Title = {The Not So Short Introduction to \LaTeX 2$\varepsilon$},
   Year = {2013},
   URL = {http://ctan.tug.org/tex-archive/info/lshort/english/lshort.pdf}
}

@Electronic{latex:wikibook,
  title = {LaTeX Wikibook},
  url   = {http://en.wikibooks.org/wiki/LaTeX},
  month = nov,
  year  = {2013},
}

@Electronic{lyx:download,
  title = {LyX},
  url   = {http://www.lyx.org},
  month = nov,
  year  = {2013},
}

@Electronic{protext:download,
  title  = {proTeXt - a TeX distribution for Windows},
  url    = {http://www.tug.org/protext},
  month  = nov,
  school = {TeX User Group},
  year   = {2013},
}

@Electronic{utm:thesis:manual,
  title  = {UTM Thesis Guideline},
  url    = {{http://sps.utm.my/wp-content/uploads/2018/08/Thesis-Preparation-05082018.pdf}},
  school = {{Universiti Teknologi Malaysia}},
  year   = {2018},
}

@InProceedings{Androutsopoulos:2000,
  author    = {Androutsopoulos, I. and Paliouras, G. and Karkaletsis, V. and Sakkis, G. and Spyropoulos, C. and Stamatopoulos, P.},
  booktitle = {Workshop on Machine Learning and Textual Information Access, the 4th European Conference on Principles and Practice of Knowledge Discovery in Databases (PKDD)},
  title     = {Learning to filter spam e-mail: A comparison of a naive {B}ayesian and a memory-based approach},
  pages     = {1--13},
  address   = {Lyon, France},
  month     = sep,
  year      = {2000},
}

@article{ramakrishna:1997,
  AUTHOR = {M.V. Ramakrishna and E. Fu and E. Bahcekapili},
  TITLE = {Efficient Hardware Hashing Functions for High Performance Computers},
  JOURNAL = {IEEE Transaction on Computers},
  YEAR = {1997},
  volume = {46},
  number = {12},
  pages = {1378--1381},
}

@TechReport{axelsson:1998,
  author = {Axelsson, S.},
  title  = {Research in Intrusion Detection System: A Survey},
  number = {TR 98-17},
  type   = {Technical Report},
  month  = dec,
  school = {Chalmers University of Technology},
  year   = {1998},
}

@mastersthesis{fahmi:2004,
  author = {Fahmi, I.},
  title  = {Examining Learning Algorithms for Text Classification in Digital Libraries},
  type   = {Master of Arts Theses},
  school = {University of Grongingen},
  year   = {2004},
}

@Article{Fortunato2010,
  author  = {Fortunato, S.},
  title   = {Community detection in graphs},
  pages   = {75--174},
  volume  = {486},
  journal = {Phys. Rep.-Rev. Sec. Phys. Lett.},
  year    = {2010},
}

@article{NewmanGirvan2004,
  author  = {Newman, M. E. J. and Girvan, M.},
  title   = {Finding and evaluating community structure in networks},
  journal = {Phys. Rev. E.}, 
  volume  = {69},
  year    = {2004},
  pages   = {026113}
}

@Article{Vehlowetal2013,
  author  = {Vehlow, C. and Reinhardt, T. and Weiskopf, D.},
  title   = {Visualizing Fuzzy Overlapping Communities in Networks},
  pages   = {2486--2495},
  volume  = {19},
  journal = {IEEE Trans. Vis. Comput. Graph.},
  year    = {2013},
}

@article{Raghavanetal2007,
  author  = {Raghavan, U. and Albert, R. and Kumara, S.},
  title   = {Near linear time algorithm to detect community structures in large-scale networks},
  journal = {Phys. Rev E.}, 
  volume  = {76},
  year    = {2007},
  pages   = {036106}
}

@Article{SubeljBajec2011a,
  author  = {\v{S}ubelj, L. and Bajec, M.},
  title   = {Robust network community detection using balanced propagation},
  pages   = {353--362},
  volume  = {81},
  journal = {Eur. Phys. J. B.},
  year    = {2011},
}

@Article{Louetal2013,
  author  = {Lou, H. and Li, S. and Zhao, Y.},
  title   = {Detecting community structure using label propagation with weighted coherent neighborhood propinquity},
  pages   = {3095--3105},
  volume  = {392},
  journal = {Physica A.},
  year    = {2013},
}

@article{Clausetetal2004,
  author  = {Clauset, A. and Newman, M. E. J. and Moore, C.},
  title   = {Finding community structure in very large networks},
  journal = {Phys. Rev. E.}, 
  volume  = {70},
  year    = {2004},
  pages   = {066111}
}

@article{Blondeletal2008,
  author  = {Blondel, V. D. and Guillaume, J. L. and Lambiotte, R. and Lefebvre, E.},
  title   = {Fast unfolding of communities in large networks},
  journal = {J. Stat. Mech.-Theory Exp.}, 
  volume  = {2008},
  year    = {2008},
  pages   = {P10008}
}

@article{SobolevskyCampari2014,
  author  = {Sobolevsky, S. and Campari, R.},
  title   = {General optimization technique for high-quality community detection in complex networks},
  journal = {Phys. Rev. E.}, 
  volume  = {90},
  year    = {2014},
  pages   = {012811}
}

@Article{FortunatoBarthelemy2007,
  author  = {Fortunato, S. and Barthelemy, M.},
  title   = {Resolution limit in community detection},
  pages   = {36--41},
  volume  = {104},
  journal = {Proc. Natl. Acad. Sci. U. S. A.},
  year    = {2007},
}

@article{SubeljBajec2011b,
  author  = {\v{S}ubelj, L. and Bajec, M.},
  title   = {Unfolding communities in large complex networks: Combining defensive and offensive label propagation for core extraction},
  journal = {Phys. Rev. E.}, 
  volume  = {83},
  year    = {2011},
  pages   = {036103}
}

@Article{WangLi2013,
  author  = {Wang, X. and Li, J.},
  title   = {Detecting communities by the core-vertex and intimate degree in complex networks},
  pages   = {2555--2563},
  volume  = {392},
  journal = {Physica A.},
  year    = {2013},
}

@Article{Lietal2013,
  author  = {Li, J. and Wang, X. and Eustace, J.},
  title   = {Detecting overlapping communities by seed community in weighted complex networks},
  pages   = {6125--6134},
  volume  = {392},
  journal = {Physica A.},
  year    = {2013},
}

@article{Fabioetal2013,
  author  = {Fabio, D. R. and Fabio, D. and Carlo, P.},
  title   = {Profiling core-periphery network structure by random walkers},
  journal = {Sci. Rep.}, 
  volume  = {3},
  year    = {2013},
  pages   = {1467}
}

@Article{Chenetal2013,
  author  = {Chen, Q. and Wu, T. T. and Fang, M.},
  title   = {Detecting local community structure in complex networks based on local degree central nodes},
  pages   = {529--537},
  volume  = {392},
  journal = {Physica A.},
  year    = {2013},
}

@Article{Zhangetal2007,
  author  = {Zhang, S. and Wang, R. and Zhang, X.},
  title   = {Identification of overlapping community structure in complex networks using fuzzy c-means clustering},
  pages   = {483--490},
  volume  = {374},
  journal = {Physica A.},
  year    = {2007},
}

@article{Nepuszetal2008,
  author  = {Nepusz, T. and Petr\'oczi, A. and N\'egyessy, L. and Bazs\'o, F.},
  title   = {Fuzzy communities and the concept of bridgeness in complex networks},
  journal = {Phys. Rev. E.}, 
  volume  = {77},
  year    = {2008},
  pages   = {016107}
}

@Article{FabricioLiang2013,
  author  = {Fabricio, B. and Liang, Z.},
  title   = {Fuzzy community structure detection by particle competition and cooperation},
  pages   = {659--673},
  volume  = {17},
  journal = {Soft Comput.},
  year    = {2013},
}

@Article{Sunetal2011,
  author  = {Sun, P. and Gao, L. and Han, S.},
  title   = {Identification of overlapping and non-overlapping community structure by fuzzy clustering in complex networks},
  pages   = {1060--1071},
  volume  = {181},
  journal = {Inf. Sci.},
  year    = {2011},
}

@Article{Wangetal2013,
  author  = {Wang, W. and Liu, D. and Liu, X. and Pan, L.},
  title   = {Fuzzy overlapping community detection based on local random walk and multidimensional scaling},
  pages   = {6578--6586},
  volume  = {392},
  journal = {Physica A.},
  year    = {2013},
}

@article{Psorakisetal2011,
  author  = {Psorakis, I. and Roberts, S. and Ebden, M. and Sheldon, B.},
  title   = {Overlapping community detection using Bayesian non-negative matrix factorization},
  journal = {Phys. Rev. E.}, 
  volume  = {83},
  year    = {2011},
  pages   = {066114}
}

@Conference{ZhangYeung2012,
  author    = {Zhang, Y. and Yeung, D.},
  booktitle = {In Proc. ACM SIGKDD Conf.},
  title     = {Overlapping Community Detection via Bounded Nonnegative Matrix Tri-Factorization},
  pages     = {606--614},
  year      = {2012},
}

@Article{Liu2010,
  author  = {Liu, J.},
  title   = {Fuzzy modularity and fuzzy community structure in networks},
  pages   = {547--557},
  volume  = {77},
  journal = {Eur. Phys. J. B.},
  year    = {2010},
}

@Article{Havensetal2013,
  author  = {Havens, T. C. and Bezdek, J. C. and Leckie, C., Ramamohanarao, K. and Palaniswami, M.},
  title   = {A Soft Modularity Function For Detecting Fuzzy Communities in Social Networks},
  pages   = {1170--1175},
  volume  = {21},
  journal = {IEEE Trans. Fuzzy Syst.},
  year    = {2013},
}

@misc{Newman2013,
  author = {Newman, M. E. J.},
  title  = {Network data},
  howpublished = "\url{http://www-personal.umich.edu/~mejn/netdata/}",
  year = {2013}
}

@Article{SubeljBajec2012,
  author  = {\v{S}ubelj, L. and Bajec, M.},
  title   = {Ubiquitousness of link-density and link-pattern communities in real-world networks},
  pages   = {1--11},
  volume  = {85},
  journal = {Eur. Phys. J. B.},
  year    = {2012},
}

@article{Lancichinettietal2008,
  author  = {Lancichinetti, A. and Fortunato, S. and Radicchi, F.},
  title   = {Benchmark graphs for testing community detection algorithms},
  journal = {Phys. Rev. E.}, 
  volume  = {78},
  year    = {2008},
  pages   = {046110}
}

@article{Liuetal2014,
  author  = {Liu, W. and Pellegrini, M. and Wang, X.},
  title   = {Detecting Communities Based on Network Topology},
  journal = {Sci. Rep.}, 
  volume  = {4},
  year    = {2014},
  pages   = {5739}
}

@article{Danonetal2005,
  author  = {Danon, L. and Diaz-Guilera, A. and Duch, J. and Arenas, A.},
  title   = {Comparing community structure identification},
  journal = {J. Stat. Mech.-Theory Exp.}, 
  volume  = {},
  year    = {2005},
  pages   = {P09008}
}

@article{Gregory2011,
  author  = {Gregory, S.},
  title   = {Fuzzy overlapping communities in networks},
  journal = {J. Stat. Mech.-Theory Exp.}, 
  volume  = {},
  year    = {2011},
  pages   = {P02017}
}

@article{LancichinettiFortunato2009,
  author  = {Lancichinetti, A. and Fortunato, S.},
  title   = {Benchmarks for testing community detection algorithms on directed and weighted graphs with overlapping communities},
  journal = {Phys. Rev. E.}, 
  volume  = {80},
  year    = {2009},
  pages   = {016118}
}

@Conference{HullermeierRifqi2009,
  author    = {Hullermeier, E. and Rifqi, M.},
  booktitle = {in Proc. IFSA/EUSFLAT Conf.},
  title     = {A Fuzzy Variant of the Rand Index for Comparing Clustering Structures},
  pages     = {1294--1298},
  year      = {2009},
}

@Article{Maruai2017,
  author  = {Maruai, Nurshafinaz Mohd and {Mat Ali}, Mohamed Sukri and Ismail, Mohamad Hafiz and {Shaikh Salim}, Sheikh Ahmad Zaki},
  title   = {{Downstream flat plate as the flow-induced vibration enhancer for energy harvesting}},
  doi     = {10.1177/1077546317707877},
  issn    = {1077-5463},
  pages   = {107754631770787},
  journal = {Journal of Vibration and Control},
  month   = may,
  year    = {2017},
}

@article{Maruai2018,
  author = {Maruai, N M and Ali, M S M and Ismail, M H and Zaki, S A},
  doi = {10.1016/j.jweia.2018.01.010},
  journal = {Journal of Wind Engineering and Industrial Aerodynamics},
  pages = {264--282},
  title = {{Flow-induced vibration of a square cylinder and downstream flat plate associated with micro-scale energy harvester}},
  url = {https://www.scopus.com/inward/record.uri?eid=2-s2.0-85042219159{\&}doi=10.1016{\%}2Fj.jweia.2018.01.010{\&}partnerID=40{\&}md5=2f3f62b94bb69ced3368b32e682aefc7},
  volume = {175},
  year = {2018}
}

@article{Kawabata2013,
  author = {Kawabata, Yusuke and Takahashi, Tsutomu and Haginoya, Takeshi and Shirakashi, Masataka},
  doi = {10.1299/jfst.8.348},
  issn = {1880-5558},
  journal = {Journal of Fluid Science and Technology},
  number = {3},
  pages = {647--658},
  title = {{Interference Effect of Downstream Strip-Plate on the Crossflow Vibration of a Square Cylinder}},
  volume = {8},
  year = {2013}
}

@article{Koide2017,
  author = {Koide, Mizuyasu and Takahashi, Tsutomu and Shirakashi, Masataka and Salim, Sheikh Ahmad Zaki Bin Shaikh},
  journal = {Journal of Visualization},
  pages = {1--11},
  publisher = {Springer},
  title = {{Three-dimensional structure of longitudinal vortices shedding from cruciform two-cylinder systems with different geometries}},
  year = {2017}
}

@Article{Deng2007,
  author    = {Deng, J. and Ren, A.-L. and Shao, X.-M.},
  title     = {{The flow between a stationary cylinder and a downstream elastic cylinder in cruciform arrangement}},
  doi       = {10.1016/J.JFLUIDSTRUCTS.2006.11.005},
  issn      = {0889-9746},
  number    = {5},
  pages     = {715--731},
  url       = {https://www.sciencedirect.com/science/article/pii/S0889974606001472},
  volume    = {23},
  journal   = {Journal of Fluids and Structures},
  month     = jul,
  publisher = {Academic Press},
  year      = {2007},
}

@Article{Koide2013,
  author   = {Koide, Mizuyasu and Sekizaki, Takahiro and Yamada, Shuichi and Takahashi, Tsutomu and Shirakashi, Masataka},
  title    = {{Prospect of Micro Power Generation Utilizing VIV in Small Stream Based on Verification Experiments of Power Generation in Water Tunnel}},
  doi      = {10.1299/jfst.8.294},
  issn     = {1880-5558},
  number   = {3},
  pages    = {294--308},
  volume   = {8},
  journal  = {Journal of Fluid Science and Technology},
  keywords = {Malaysia,VIV,flow induced vibration,hydroelectric power generation,river monitoring,trailing vortex,vortex,water flow},
  month    = oct,
  year     = {2013},
}

@article{Nguyen2010,
author = {Nguyen, Tuananh and Koide, Mizuyasu and Takahashi, Tsutomu and Shirakashi, Masataka},
journal = {Journal of Fluid Science and Technology},
number = {3},
pages = {603--616},
publisher = {The Japan Society of Mechanical Engineers},
title = {{Universality of longitudinal vortices shedding from a cruciform two circular cylinder system in uniform flow}},
volume = {5},
year = {2010}
}

@Article{Nguyen2012,
  author   = {Nguyen, T. and Koide, M. and Yamada, S. and Takahashi, T. and Shirakashi, M.},
  title    = {{Influence of mass and damping ratios on VIVs of a cylinder with a downstream counterpart in cruciform arrangement}},
  doi      = {10.1016/j.jfluidstructs.2011.10.006},
  issn     = {0889-9746},
  pages    = {40--55},
  volume   = {28},
  journal  = {Journal of Fluids and Structures},
  keywords = {Cruciform cylinders,Flow induced vibration,Karman vortex,Longitudinal vortex,Vortex induced vibration (VIV)},
  year     = {2012},
}

@Article{Ding2015a,
  author   = {Ding, Lin and Zhang, Li and Kim, Eun Soo and Bernitsas, Michael M.},
  title    = {{URANS vs. experiments of flow induced motions of multiple circular cylinders with passive turbulence control}},
  doi      = {10.1016/j.jfluidstructs.2015.01.003},
  issn     = {1095-8622},
  pages    = {612--628},
  volume   = {54},
  journal  = {Journal of Fluids and Structures},
  keywords = {Flow induced motion,Galloping,Multiple cylinders,Passive turbulence control,Vortex induced vibration},
  year     = {2015},
}

@Article{Ding2015b,
  author   = {Ding, Lin and Zhang, Li and Wu, Chunmei and Mao, Xinru and Jiang, Deyi},
  title    = {{Flow induced motion and energy harvesting of bluff bodies with different cross sections}},
  doi      = {10.1016/j.enconman.2014.12.039},
  issn     = {0196-8904},
  journal  = {Energy Conversion and Management},
  keywords = {Bluff body,Cross section,Flow induced motion,Galloping,Hydrokinetic energy,Vortex induced vibrations},
  year     = {2015},
}

@InProceedings{Xu2017,
  author        = {Xu, W and Ji, C and Sun, H and Ding, W and Bernitsas, M M},
  booktitle     = {Proceedings of the International Conference on Offshore Mechanics and Arctic Engineering - OMAE},
  title         = {{Flow-induced vibration (FIV) and hydrokinetic power conversion of two staggered, low mass-ratio cylinders, with passive turbulence control in the TrSL3 flow regime (2.5$\times 10^{4}${\textless}Re{\textless}1.2$\times 10^{5}$)}},
  doi           = {10.1115/OMAE2017-62693},
  url           = {https://www.scopus.com/inward/record.uri?eid=2-s2.0-85032014937{\&}doi=10.1115{\%}2FOMAE2017-62693{\&}partnerID=40{\&}md5=53697e5a091f39f503803929f1b46bf5},
  volume        = {10},
  keywords      = {Review1},
  mendeley-tags = {Review1},
  year          = {2017},
}
@inproceedings{Ding2017,
  author = {Ding, W and Sun, H and Xu, W and Bernitsas, M M},
  booktitle = {Proceedings of the International Conference on Offshore Mechanics and Arctic Engineering - OMAE},
  doi = {10.1115/OMAE2017-62271},
  title = {{Two tandem cylinders with turbulence stimulation in FIV power conversion: CFD with experimental verification of interaction}},
  url = {https://www.scopus.com/inward/record.uri?eid=2-s2.0-85032024173{\&}doi=10.1115{\%}2FOMAE2017-62271{\&}partnerID=40{\&}md5=409ba703a93beb879e4a1a62be1909f8},
  volume = {10},
  year = {2017}
}

@article{Zhang2018,
  author = {Zhang, B and Mao, Z and Song, B and Ding, W and Tian, W},
  doi = {10.1016/j.energy.2017.11.153},
  journal = {Energy},
  pages = {218--231},
  title = {{Numerical investigation on effect of damping-ratio and mass-ratio on energy harnessing of a square cylinder in FIM}},
  url = {https://www.scopus.com/inward/record.uri?eid=2-s2.0-85037995662{\&}doi=10.1016{\%}2Fj.energy.2017.11.153{\&}partnerID=40{\&}md5=01db7c6b6d4d44e88de7045843c7d423},
  volume = {144},
  year = {2018}
}

@Article{Sun2016,
  author  = {Sun, Hai and Kim, Eun Soo and Nowakowski, Gary and Mauer, Erik and Bernitsas, Michael M.},
  title   = {{Effect of mass-ratio, damping, and stiffness on optimal hydrokinetic energy conversion of a single, rough cylinder in flow induced motions}},
  doi     = {10.1016/j.renene.2016.07.024},
  issn    = {0960-1481},
  pages   = {936--959},
  url     = {http://www.sciencedirect.com/science/article/pii/S0960148116306206},
  volume  = {99},
  journal = {Renewable Energy},
  year    = {2016},
}

@Article{Ma2016,
  author  = {Ma, Chunhui and Sun, Hai and Nowakowski, Gary and Mauer, Erik and Bernitsas, Michael M.},
  title   = {{Nonlinear piecewise restoring force in hydrokinetic power conversion using flow induced motions of single cylinder}},
  doi     = {10.1016/j.oceaneng.2016.10.020},
  issn    = {0029-8018},
  isbn    = {978-0-7918-5778-6},
  journal = {Ocean Engineering},
  year    = {2016},
}

@phdthesis{Raghavan2007,
  author = {Raghavan, Kamaldev},
  language = {English},
  pages = {1--344},
  school = {The University of Michigan},
  title = {{Energy Extraction from a Steady Flow Using Vortex Induced Vibration.}},
  type = {Doctoral Dissertation},
  url = {http://deepblue.lib.umich.edu/handle/2027.42/55687},
  year = {2007}
}

@phdthesis{Wu2011,
  author = {Wu, Wei},
  pages = {1--177},
  school = {The University of Michigan},
  title = {{Two-Dimensional RANS Simulation of Flow Induced Motion of Circular Cylinder with Passive Turbulence Control}},
  type = {Doctoral Dissertation},
  year = {2011}
}

@Article{Ding2013,
  author    = {Ding, Lin and Bernitsas, Michael M. and Kim, Eun Soo},
  title     = {{2-D URANS vs. experiments of flow induced motions of two circular cylinders in tandem with passive turbulence control for 30,000}},
  doi       = {10.1016/J.OCEANENG.2013.06.005},
  pages     = {429--440},
  url       = {http://www.sciencedirect.com/science/article/pii/S0029801813002448?via{\%}3Dihub},
  volume    = {72},
  journal   = {Ocean Engineering},
  month     = nov,
  publisher = {Pergamon},
  year      = {2013},
}

@Article{Ding2019,
  author    = {Ding, Wenjun and Sun, Hai and Xu, Wanhai and Bernitsas, Michael M.},
  title     = {{Numerical investigation on interactive FIO of two-tandem cylinders for hydrokinetic energy harnessing}},
  doi       = {10.1016/J.OCEANENG.2019.106215},
  pages     = {106215},
  url       = {https://www.sciencedirect.com/science/article/pii/S0029801819304019},
  volume    = {187},
  journal   = {Ocean Engineering},
  month     = sep,
  publisher = {Pergamon},
  year      = {2019},
}

@Article{Richardson1927,
  author  = {Richardson, Lewis F. and Gaunt, J. Arthur},
  title   = {{The deferred approach to the limit}},
  doi     = {10.1098/rsta.1927.0008},
  issn    = {1364-5021},
  journal = {Philosophical Transactions of the Royal Society A},
  year    = {1927},
}

@article{Stern2001,
  author = {Stern, Fred and Wilson, Robert V and Coleman, Hugh W and Paterson, Eric G},
  journal = {Journal of fluids engineering},
  number = {4},
  pages = {793--802},
  publisher = {American Society of Mechanical Engineers},
  title = {{Comprehensive approach to verification and validation of CFD simulations part 1: methodology and procedures}},
  volume = {123},
  year = {2001}
}

@Article{MatAli2011,
  author  = {{Mat Ali}, Mohamed Sukri and Doolan, Con J. and Wheatley, Vincent},
  title   = {{Low Reynolds number flow over a square cylinder with a splitter plate}},
  doi     = {10.1063/1.3563619},
  issn    = {1070-6631},
  number  = {3},
  volume  = {23},
  journal = {Physics of Fluids},
  year    = {2011},
}

@Article{MatAli2012,
  author    = {Mat Ali, Mohamed Sukri and Doolan, Con J. and Wheatley, Vincent},
  title     = {{Low Reynolds number flow over a square cylinder with a detached flat plate}},
  doi       = {10.1016/j.ijheatfluidflow.2012.03.011},
  issn      = {0142-727X},
  pages     = {133--141},
  volume    = {36},
  journal   = {International Journal of Heat and Fluid Flow},
  publisher = {Elsevier Inc.},
  year      = {2012},
}

@misc{Langley2018,
  author = {{Langley Research Centre}},
  title = {{Turbulence Modeling Resource}},
  url = {https://turbmodels.larc.nasa.gov/},
  year = {2018}
}

@inproceedings{Koide2009,
  author = {Koide, Mizuyasu and Sekizaki, Takahiro and Yamada, Syuichi and Takahashi, Tsutomu and Shirakashi, Masataka},
  booktitle = {Proceedings of the ASME Pressure Vessels and Piping Division Conference, PVP2009-77487},
  title = {{A Novel Technique for Hydroelectricity Utilizing Vortex Induced Vibration}},
  year = {2009}
}

@Article{Bernitsas2008a,
  author    = {Bernitsas, Michael M.M. and Raghavan, Kamaldev and Ben-Simon, Y. and Garcia, E.M.H. M. H.},
  title     = {{VIVACE (Vortex Induced Vibration Aquatic Clean Energy): A New Concept in Generation of Clean and Renewable Energy From Fluid Flow}},
  doi       = {10.1115/1.2957913},
  issn      = {0892-7219},
  number    = {4},
  pages     = {041101},
  url       = {http://www.scopus.com/record/display.url?eid=2-s2.0-56749179917{\&}origin=resultslist{\&}sort=plf-f{\&}src=s{\&}st1=A+new+concept+in+generation+of+clean+and+renewable+energy+from+fluid+flow{\&}sid=620865A71FAF26768C42655E1E8BC194.aXczxbyuHHiXgaIW6Ho7g:230{\&}sot=b{\&}sdt=b{\&} h},
  volume    = {130},
  journal   = {Journal of Offshore Mechanics and Arctic Engineering},
  month     = nov,
  publisher = {American Society of Mechanical Engineers},
  year      = {2008},
}

@inproceedings{Bernitsas2008b,
  author = {Bernitsas, M.M. and Raghavan, K.},
  booktitle = {Proceedings of the International Conference on Offshore Mechanics and Arctic Engineering - OMAE},
  title = {{Reduction/suppression of VIV of circular cylinders through roughness distribution at $8 \times 10^{3} <$ Re $< 1.5 \times 10^{5}$}},
  volume = {5},
  year = {2008}
}

@Article{Bernitsas2009,
  author  = {Bernitsas, Michael M. and Ben-Simon, Y. and Raghavan, Kamaldev and Garcia, E. M. H.},
  title   = {{The VIVACE Converter: Model Tests at High Damping and Reynolds Number Around $10^{5}$}},
  doi     = {10.1115/1.2979796},
  issn    = {0892-7219},
  number  = {1},
  url     = {http://offshoremechanics.asmedigitalcollection.asme.org/article.aspx?articleid=1472649},
  volume  = {131},
  journal = {Journal of Offshore Mechanics and Arctic Engineering},
  year    = {2009},
}

@article{Koide2006,
  author = {Koide, Mizuyasu and Ootani, Kazuki and Yamada, Shuichi and Takahashi, Tsutomu and Shirakashi, Masataka},
  journal = {JSME International Journal},
  number = {4},
  pages = {1043--1048},
  title = {{Vortex Excitation Caused by Longitudinal Vortices Shedding from Cruciform Cylinder System in Water Flow}},
  volume = {49},
  year = {2006}
}

@article{Kato2006,
author = {Kato, Naoto and Koide, Mizuyasu and Takahashi, Tsutomu and Shirakashi, Masataka},
doi = {10.1299/jfst.1.126},
issn = {1880-5558},
journal = {Journal of Fluid Science and Technology},
number = {2},
pages = {126--137},
publisher = {The Japan Society of Mechanical Engineers},
title = {{Influence of Cross-Sectional Configuration on the Longitudinal Vortex Excitation of the Upstream Cylinder in Cruciform Two-Cylinder System}},
url = {http://joi.jlc.jst.go.jp/JST.JSTAGE/jfst/1.126?from=CrossRef},
volume = {1},
year = {2006}
}

@Article{Kato2007,
  author  = {Kato, Naoto and Koide, Mizuyasu and Takahashi, Tsutomu and Shirakashi, Masataka},
  title   = {{Vibration Control for a Circular Cylinder by a Strip-plate Set Downstream in Cruciform Arrangement (1st Report, Influence of a Downstream Strip-plate on the Shedding of Longitudinal Vortices from Fixed System)}},
  doi     = {10.1299/kikaib.73.957},
  issn    = {0387-5016},
  number  = {728},
  pages   = {957--964},
  url     = {https://www.jstage.jst.go.jp/article/kikaib1979/73/728/73{\_}728{\_}957/{\_}article/-char/ja/},
  volume  = {73},
  journal = {Transactions of the Japan Society of Mechanical Engineers Series B},
  month   = mar,
  year    = {2007},
}

@article{Koide2007,
  author = {Koide, Mizuyasu and Kato, Naoto and Yamada, Shuichi and Kawabata, Yusuke and Takahashi, Tsutomu and Shirakashi, Masataka},
  journal = {Journal of Computational and Applied Mechanics},
  number = {2},
  pages = {135--148},
  title = {{Influence Of A Cruciform Arrangement Downstream Strip-Plate On Crossflow Vibration}},
  volume = {8},
  year = {2007}
}

@Article{Zhao2018a,
  author    = {Zhao, Ming and Lu, Lin},
  title     = {{Numerical simulation of flow past two circular cylinders in cruciform arrangement}},
  doi       = {10.1017/jfm.2018.380},
  issn      = {0022-1120},
  pages     = {1013--1039},
  url       = {https://www.cambridge.org/core/product/identifier/S0022112018003804/type/journal{\_}article},
  volume    = {848},
  journal   = {Journal of Fluid Mechanics},
  keywords  = {vortex dynamics,vortex flows},
  month     = aug,
  publisher = {Cambridge University Press},
  year      = {2018},
}

@Article{Shirakashi1989,
  author  = {Shirakashi, M. and Mizuguchi, K. and Bae, H. M.},
  title   = {{Flow-induced excitation of an elastically-supported cylinder caused by another located downstream in cruciform arrangement}},
  doi     = {10.1016/S0889-9746(89)90150-3},
  issn    = {1095-8622},
  number  = {6},
  pages   = {595--607},
  volume  = {3},
  journal = {Journal of Fluids and Structures},
  year    = {1989},
}

@inproceedings{Koide2009,
  author = {Koide, Mizuyasu and Sekizaki, Takahiro and Yamada, Syuichi and Takahashi, Tsutomu and Shirakashi, Masataka},
  booktitle = {Proceedings of the ASME Pressure Vessels and Piping Division Conference, PVP2009-77487},
  title = {{A Novel Technique for Hydroelectricity Utilizing Vortex Induced Vibration}},
  year = {2009}
}

@Article{Wang2019,
  author  = {Wang, Shuai and Wen, Fengbo and Shi, Xiao and Zhou, Xun},
  title   = {{Stability analysis of asymmetric wakes}},
  doi     = {10.1063/1.5098111},
  issn    = {1089-7666},
  journal = {Physics of Fluids},
  year    = {2019},
}

@Article{Li2019,
  author  = {Li, Xintao and Lyu, Zhen and Kou, Jiaqing and Zhang, Weiwei},
  title   = {{Mode competition in galloping of a square cylinder at low Reynolds number}},
  doi     = {10.1017/jfm.2019.160},
  issn    = {0022-1120},
  pages   = {516--555},
  url     = {https://www.cambridge.org/core/product/identifier/S0022112019001605/type/journal{\_}article},
  volume  = {867},
  journal = {Journal of Fluid Mechanics},
  month   = may,
  year    = {2019},
}

@article{Blevins1990,
  author = {Blevins, Robert D},
  publisher = {New York, NY (USA); Van Nostrand Reinhold Co., Inc.},
  title = {{Flow-induced vibration}},
  year = {1990}
}

@Article{Hemsuwan2018d,
  author    = {Hemsuwan, Withun and Sakamoto, Kasumi and Takahashi, Tsutomu},
  title     = {{Lift Force Generation of a Moving Circular Cylinder with a Strip-Plate Set Downstream in Cruciform Arrangement: Flow Field Improving Using Tip Ends}},
  doi       = {10.1007/s42405-018-0068-5},
  issn      = {2093-274X},
  number    = {3},
  pages     = {606--617},
  volume    = {19},
  journal   = {International Journal of Aeronautical and Space Sciences},
  month     = sep,
  publisher = {The Korean Society for Aeronautical {\&} Space Sciences (KSAS)},
  year      = {2018},
}

@Article{Hemsuwan2018c,
  author    = {Hemsuwan, Withun and Sakamoto, Kasumi and Nakada, Shota and Takahashi, Tsutomu},
  title     = {{A longitudinal vortex wind turbine: Numerical study}},
  doi       = {10.1016/J.JWEIA.2018.07.022},
  issn      = {0167-6105},
  pages     = {213--230},
  url       = {https://www.sciencedirect.com/science/article/pii/S0167610518301612},
  volume    = {180},
  journal   = {Journal of Wind Engineering and Industrial Aerodynamics},
  month     = sep,
  publisher = {Elsevier},
  year      = {2018},
}

@Article{Hemsuwan2018b,
  author    = {Hemsuwan, Withun and Sakamoto, Kasumi and Takahashi, Tsutomu},
  title     = {{Numerical investigation of lift-force generation on a moving circular cylinder in a uniform flow driven by longitudinal vortex}},
  doi       = {10.1016/J.JFLUIDSTRUCTS.2018.09.010},
  issn      = {0889-9746},
  pages     = {448--470},
  url       = {https://www.sciencedirect.com/science/article/pii/S0889974617308885},
  volume    = {83},
  journal   = {Journal of Fluids and Structures},
  month     = nov,
  publisher = {Academic Press},
  year      = {2018},
}

@Article{Hemsuwan2018a,
  author    = {Hemsuwan, Withun and Sakamoto, Kasumi and Nakada, Shota and Takahashi, Tsutomu},
  title     = {{A longitudinal vortex wind turbine: Numerical study}},
  doi       = {10.1016/J.JWEIA.2018.07.022},
  issn      = {0167-6105},
  pages     = {213--230},
  url       = {https://www.sciencedirect.com/science/article/pii/S0167610518301612},
  volume    = {180},
  journal   = {Journal of Wind Engineering and Industrial Aerodynamics},
  month     = sep,
  publisher = {Elsevier},
  year      = {2018},
}

@Article{Huang1998,
  author   = {Huang, Norden E. and Shen, Zheng and Long, Steven R. and Wu, Manli C. and Snin, Hsing H. and Zheng, Quanan and Yen, Nai Chyuan and Tung, Chi Chao and Liu, Henry H.},
  title    = {{The empirical mode decomposition and the Hubert spectrum for nonlinear and non-stationary time series analysis}},
  doi      = {10.1098/rspa.1998.0193},
  issn     = {1364-5021},
  journal  = {Proceedings of the Royal Society A: Mathematical, Physical and Engineering Sciences},
  keywords = {Empirical mode decomposition,Frequency-time spectrum,Hubert spectral analysis,Intrinsic time scale,Non-stationary time series,Nonlinear differential equations},
  year     = {1998},
}

@article{Wu2008,
  author = {Wu, Zhaohua and Huang, Norden E.},
  doi = {10.1142/s1793536909000047},
  issn = {1793-5369},
  journal = {Advances in Adaptive Data Analysis},
  title = {{Ensemble Empirical Mode Decomposition: A Noise-Assisted Data Analysis Method}},
  year = {2008}
}

@Article{Khalak1999,
  author  = {Khalak, A. and Williamson, C.H.K.},
  title   = {{Motions, Forces And Mode Transitions In Vortex-Induced Vibrations At Low Mass-Damping}},
  doi     = {10.1006/jfls.1999.0236},
  issn    = {0889-9746},
  number  = {7-8},
  pages   = {813--851},
  url     = {http://www.sciencedirect.com/science/article/pii/S0889974699902360},
  volume  = {13},
  journal = {Journal of Fluids and Structures},
  month   = oct,
  year    = {1999},
}

@inproceedings{Gumelar2019,
  author = {Gumelar, Agustinus Bimo and Purnomo, Mauridhi Hery and Yuniarno, Eko Mulyanto and Sugiarto, Indar},
  booktitle = {2018 International Conference on Computer Engineering, Network and Intelligent Multimedia, CENIM 2018 - Proceeding},
  doi = {10.1109/CENIM.2018.8710943},
  title = {{Spectral Analysis of Familiar Human Voice Based On Hilbert-Huang Transform}},
  year = {2019}
}

@Article{Zhou2019,
  author  = {Zhou, Lingfeng and Meng, Yaobin and Abbaspour, Karim C.},
  title   = {{A new framework for multi-site stochastic rainfall generator based on empirical orthogonal function analysis and Hilbert-Huang transform}},
  doi     = {10.1016/j.jhydrol.2019.05.047},
  issn    = {0022-1694},
  journal = {Journal of Hydrology},
  year    = {2019},
}

@book{Huang2005,
  author = {Huang, Norden E. and Attoh-Okine, Nii O},
  publisher = {CRC Press},
  title = {{The Hilbert-Huang transform in engineering}},
  year = {2005}
}

@book{Huang2014,
  author = {Huang, Norden E.},
  publisher = {World Scientific},
  title = {{Hilbert-Huang transform and its applications}},
  volume = {16},
  year = {2014}
}

@InProceedings{Spalart1992,
  author    = {Spalart, P. and Allmaras, S.},
  booktitle = {30th Aerospace Sciences Meeting and Exhibit},
  title     = {{A one-equation turbulence model for aerodynamic flows}},
  doi       = {10.2514/6.1992-439},
  eprint    = {arXiv:1011.1669v3},
  isbn      = {0034-1223},
  issn      = {0034-1223},
  year      = {1992},
}

@article{Spalart1994,
  author = {Spalart, Philipe R and Allmaras, Steven R and Others},
  journal = {Recherche Aerospatiale-French Edition},
  pages = {5},
  publisher = {Onera Office National D'Etudes Et Recherches},
  title = {{A one equation turbulence model for aerodynamic flows}},
  year = {1994}
}

@Article{Sun2019b,
  author    = {Sun, Hai and Ma, Chunhui and Kim, Eun Soo and Nowakowski, Gary and Mauer, Erik and Bernitsas, Michael M.},
  title     = {{Flow-induced vibration of tandem circular cylinders with selective roughness: Effect of spacing, damping and stiffness}},
  doi       = {10.1016/j.euromechflu.2018.10.024},
  issn      = {0997-7546},
  pages     = {219--241},
  volume    = {74},
  journal   = {European Journal of Mechanics, B/Fluids},
  keywords  = {Damping effect,Galloping,Selective roughness,Spacing effect,Spring-stiffness effect,Synergistic Flow Induced Vibrations,Vortex induced vibrations},
  month     = mar,
  publisher = {Elsevier Ltd},
  year      = {2019},
}

@InProceedings{Wen2020,
  author    = {Wen, Changlei and Wang, Jian and Zhang, Yakun and Xu, Ting and Zhang, Xiang and Ning, Yilong},
  booktitle = {CICTP 2020},
  title     = {{Vehicle Trajectory Clustering and Anomaly Detection at Freeway Off-Ramp Based on Driving Behavior Similarity}},
  doi       = {10.1061/9780784482933.362},
  isbn      = {9780784482933},
  pages     = {4220--4232},
  publisher = {American Society of Civil Engineers},
  address   = {Reston, VA},
  month     = aug,
  year      = {2020},
}

@Article{Krishnendu2020,
  author    = {Krishnendu, P. and Ramakrishnan, Balaji},
  title     = {{Performance analysis of dual sphere wave energy converter integrated with a chambered breakwater system}},
  doi       = {10.1016/j.apor.2020.102279},
  issn      = {0141-1187},
  pages     = {102279},
  volume    = {101},
  journal   = {Applied Ocean Research},
  keywords  = {Chambered breakwater system,Dual sphere wave energy converter,Integrated system,Power generation,Reflection characteristics},
  month     = aug,
  publisher = {Elsevier Ltd},
  year      = {2020},
}

@article{Feng1963,
  author = {Feng, C. C.},
  number = {October},
  pages = {100},
  title = {{The measurement of vortex idunced effects in flow past stationary and oscillating circular and D-section cylinders}},
  year = {1963}
}

@Article{Duranay2020,
  author    = {Duranay, Aytekin and Kinaci, Omer Kemal},
  title     = {{Enhancing two-dimensional computational approach for vortex-induced vibrations by scaling lift force}},
  doi       = {10.1016/j.oceaneng.2020.107620},
  issn      = {0029-8018},
  pages     = {107620},
  volume    = {217},
  journal   = {Ocean Engineering},
  keywords  = {2D VIV,3D VIV,Effect of aspect ratio,Flow induced motions,Tip flow},
  month     = dec,
  publisher = {Elsevier Ltd},
  year      = {2020},
}

@Article{Kinaci2016,
  author  = {Kinaci, Omer Kemal and Lakka, Sami and Sun, Hai and Bernitsas, Michael M.},
  title   = {{Effect of tip-flow on vortex induced vibration of circular cylinders for Re}},
  doi     = {10.1016/j.oceaneng.2016.03.055},
  issn    = {0029-8018},
  pages   = {130--142},
  url     = {http://www.sciencedirect.com/science/article/pii/S002980181630018X},
  volume  = {117},
  journal = {Ocean Engineering},
  year    = {2016},
}

@Article{Williamson1996a,
  author    = {Williamson, C. H. K.},
  title     = {{Three-dimensional wake transition}},
  doi       = {10.1017/S0022112096008750},
  issn      = {0022-1120},
  number    = {-1},
  pages     = {345},
  volume    = {328},
  journal   = {Journal of Fluid Mechanics},
  month     = dec,
  publisher = {Cambridge University Press},
  year      = {1996},
}

@article{Williamson1996b,
author = {Williamson, C.H.K.},
doi = {10.1146/annurev.fl.28.010196.002401},
isbn = {9780521477390},
issn = {0066-4189},
journal = {Annual Review of Fluid Mechanics},
number = {1},
pages = {477--539},
title = {{Vortex Dynamics in the Cylinder Wake}},
volume = {28},
year = {1996}
}

@article{Ma2018,
  author = {Ma, C and Sun, H and Bernitsas, M M},
  doi = {10.1115/1.4038584},
  journal = {Journal of Offshore Mechanics and Arctic Engineering},
  keywords = {Review1},
  number = {4},
  title = {{Nonlinear piecewise restoring force in hydrokinetic power conversion using flow-induced vibrations of two tandem cylinders}},
  url = {https://www.scopus.com/inward/record.uri?eid=2-s2.0-85040581441{\&}doi=10.1115{\%}2F1.4038584{\&}partnerID=40{\&}md5=673f37e8616aea9051cf6fcd8b77967e},
  volume = {140},
  year = {2018}
}

@Article{Sun2018,
  author   = {Sun, Hai and Ma, Chunhui and Bernitsas, Michael M},
  title    = {{Hydrokinetic power conversion using Flow Induced Vibrations with nonlinear (adaptive piecewise-linear) springs}},
  doi      = {10.1016/j.energy.2017.10.140},
  issn     = {0360-5442},
  pages    = {1085--1106},
  url      = {https://linkinghub.elsevier.com/retrieve/pii/S0360544217318455},
  volume   = {143},
  journal  = {Energy},
  keywords = {Review1},
  month    = jan,
  year     = {2018},
}

@Article{Zhang2015,
  author    = {Zhang, Weiwei and Li, Xintao and Ye, Zhengyin and Jiang, Yuewen},
  title     = {{Mechanism of frequency lock-in in vortex-induced vibrations at low Reynolds numbers}},
  doi       = {10.1017/jfm.2015.548},
  issn      = {1469-7645},
  number    = {4},
  pages     = {72--102},
  volume    = {783},
  journal   = {Journal of Fluid Mechanics},
  keywords  = {flow-structure interactions,low-dimensional models,vortex flows},
  month     = oct,
  publisher = {Cambridge University Press},
  year      = {2015},
}

@Article{Yang2019,
  author    = {Yang, Zuo-Mei and Ding, Lin and Ye, Qian-Yun and Yang, Lin and Zhang, Li},
  title     = {{Effect of Gap Flow on the Characteristics of Flow-Around and Flow-Induced Vibration for Two Circular Cylinders with Roughness Strips}},
  doi       = {10.3390/app9173587},
  issn      = {2076-3417},
  number    = {17},
  pages     = {3587},
  url       = {https://www.mdpi.com/2076-3417/9/17/3587},
  volume    = {9},
  journal   = {Applied Sciences},
  keywords  = {Flow-induced vibration,Gap flow,Roughness strips,Stagger arrangement,Two cylinders},
  month     = sep,
  publisher = {MDPI AG},
  year      = {2019},
}

@Article{Quadrante2014,
  author    = {Quadrante, Luis Antonio Rodrigues and Nishi, Yoshiki},
  title     = {{Amplification/suppression of flow-induced motions of an elastically mounted circular cylinder by attaching tripping wires}},
  doi       = {10.1016/j.jfluidstructs.2014.02.018},
  issn      = {1095-8622},
  pages     = {93--102},
  volume    = {48},
  journal   = {Journal of Fluids and Structures},
  keywords  = {Circular cylinder,Flow-induced vibrations,Tripping wires,Vortex-shedding},
  month     = jul,
  publisher = {Academic Press},
  year      = {2014},
}

@Article{Pan2014,
  author    = {Pan, Dingyi and Shao, Xueming and Deng, Jian and Yu, Zhaosheng},
  title     = {{Simulations of passive oscillation of a flexible plate in the wake of a cylinder by immersed boundary method}},
  doi       = {10.1016/j.euromechflu.2014.02.001},
  issn      = {0997-7546},
  pages     = {17--27},
  volume    = {46},
  journal   = {European Journal of Mechanics, B/Fluids},
  keywords  = {Drag reduction,Energy harvesting,Euler-Bernoulli beam,Fluid structure interaction (FSI),Immersed boundary method},
  month     = jul,
  publisher = {Elsevier Masson},
  year      = {2014},
}

@Article{Hu2013,
  author    = {Hu, H. X. and Liu, C. B. and Hu, H. Z. and Zheng, Y. G.},
  title     = {{Three-dimensional numerical simulation of the flow around two cylinders at supercritical Reynolds number}},
  doi       = {10.1088/0169-5983/45/5/055504},
  issn      = {0169-5983},
  number    = {5},
  pages     = {055504},
  volume    = {45},
  journal   = {Fluid Dynamics Research},
  month     = oct,
  publisher = {IOP Publishing},
  year      = {2013},
}

@Misc{Sotiropoulos2014,
  author    = {Sotiropoulos, Fotis and Yang, Xiaolei},
  title     = {{Immersed boundary methods for simulating fluid-structure interaction}},
  doi       = {10.1016/j.paerosci.2013.09.003},
  booktitle = {Progress in Aerospace Sciences},
  issn      = {0376-0421},
  keywords  = {Fluid-structure interaction,Immersed boundary method,Navier-Stokes equation},
  month     = feb,
  pages     = {1--21},
  publisher = {Pergamon},
  volume    = {65},
  year      = {2014},
}

@Article{Wu2014,
  author    = {Wu, J. and Shu, C. and Zhao, N.},
  title     = {{Numerical investigation of vortex-induced vibration of a circular cylinder with a hinged flat plate}},
  doi       = {10.1063/1.4880135},
  issn      = {1089-7666},
  number    = {6},
  pages     = {063601},
  volume    = {26},
  journal   = {Physics of Fluids},
  keywords  = {damping,drag reduction,elasticity,external flows,flow simulation,lattice Boltzmann methods,numerical analysis,vibrations,vortices},
  month     = jun,
  publisher = {American Institute of Physics Inc.},
  year      = {2014},
}

@phdthesis{Maruai2019,
  author = {Maruai, Nurshafinaz Mohd},
  school = {Universiti Teknologi Malaysia},
  title = {{Micro Energy Harvesting Using a Square Cylinder with Downstream Flat Plate}},
  year = {2019}
}

@Article{Duranay2020,
  author    = {Duranay, Aytekin and Kinaci, Omer Kemal},
  title     = {{Enhancing two-dimensional computational approach for vortex-induced vibrations by scaling lift force}},
  doi       = {10.1016/j.oceaneng.2020.107620},
  issn      = {0029-8018},
  pages     = {107620},
  volume    = {217},
  journal   = {Ocean Engineering},
  keywords  = {2D VIV,3D VIV,Effect of aspect ratio,Flow induced motions,Tip flow},
  month     = dec,
  publisher = {Elsevier Ltd},
  year      = {2020},
}

@Article{Lee2011b,
  author   = {Lee, J. H. and Bernitsas, M. M.},
  title    = {{High-damping, high-Reynolds VIV tests for energy harnessing using the VIVACE converter}},
  doi      = {10.1016/j.oceaneng.2011.06.007},
  issn     = {0029-8018},
  isbn     = {0029-8018},
  journal  = {Ocean Engineering},
  keywords = {High-Reynolds numbers,High-damping VIV,Hydrokinetic energy harnessing,Power density,Power envelope,VIV,VIVACE converter,Vortex induced vibrations},
  year     = {2011},
}

@Article{Lee2011a,
  author   = {Lee, J. H. and Xiros, N. and Bernitsas, M. M.},
  title    = {{Virtual damperspring system for VIV experiments and hydrokinetic energy conversion}},
  doi      = {10.1016/j.oceaneng.2010.12.014},
  issn     = {0029-8018},
  isbn     = {0029-8018},
  journal  = {Ocean Engineering},
  keywords = {Power take-off,System identification,VIV,VIVACE converter,Virtual damperspring,Vortex induced vibrations},
  year     = {2011},
}

@InProceedings{Wu2011c,
  author    = {Wu, Wei and Bernitsas, Michael M. and Maki, Kevin},
  booktitle = {Volume 7: CFD and VIV; Offshore Geotechnics},
  title     = {{RANS Simulation vs. Experiments of Flow Induced Motion of Circular Cylinder With Passive Turbulence Control at 35,000{\textless}Re{\textless}130,000}},
  doi       = {10.1115/OMAE2011-50311},
  isbn      = {978-0-7918-4439-7},
  pages     = {733--744},
  publisher = {ASME},
  url       = {http://proceedings.asmedigitalcollection.asme.org/proceeding.aspx?articleid=1625495},
  keywords  = {CFD,RANS,VIV},
  month     = jan,
  year      = {2011},
}

@Article{Zhang2018a,
  author   = {Zhang, Dahai and Sun, Hai and Wang, Wenhao and Bernitsas, Michael M.},
  title    = {{Rigid cylinder with asymmetric roughness in Flow Induced Vibrations}},
  doi      = {10.1016/j.oceaneng.2018.01.005},
  issn     = {0029-8018},
  pages    = {363--376},
  url      = {https://linkinghub.elsevier.com/retrieve/pii/S0029801818300052},
  volume   = {150},
  journal  = {Ocean Engineering},
  keywords = {2D-URANS,Asymmetric turbulence stimulation,Galloping,Selective surface roughness,VIV,Variable location of turbulence stimulation},
  month    = feb,
  year     = {2018},
}

@Article{Garcia2018,
  author    = {Garcia, Elizabeth M.H. and Bernitsas, Michael M.},
  title     = {{Effect of damping on variable added mass and lift of circular cylinders in vortex-induced vibrations}},
  doi       = {10.1016/J.JFLUIDSTRUCTS.2018.02.005},
  issn      = {0889-9746},
  pages     = {451--472},
  url       = {https://www.sciencedirect.com/science/article/pii/S0889974616304546},
  volume    = {80},
  journal   = {Journal of Fluids and Structures},
  month     = jul,
  publisher = {Academic Press},
  year      = {2018},
}

@article{Wu2018,
  author = {Wu, W and Sun, H and Lv, B and Bernitsas, M M},
  doi = {10.1016/j.oceaneng.2018.02.030},
  journal = {Ocean Engineering},
  pages = {392--410},
  title = {{Modelling of a hydrokinetic energy converter for flow-induced vibration based on experimental data}},
  url = {https://www.scopus.com/inward/record.uri?eid=2-s2.0-85042874481{\&}doi=10.1016{\%}2Fj.oceaneng.2018.02.030{\&}partnerID=40{\&}md5=7bd22494378724dd2a876aa95e327a1c},
  volume = {155},
  year = {2018}
}

@Article{Hu2020,
  author    = {Hu, Gang and Kwok, K. C.S.},
  title     = {{Predicting wind pressures around circular cylinders using machine learning techniques}},
  doi       = {10.1016/j.jweia.2020.104099},
  eprint    = {1901.06752},
  issn      = {0167-6105},
  pages     = {104099},
  volume    = {198},
  journal   = {Journal of Wind Engineering and Industrial Aerodynamics},
  keywords  = {Artificial intelligence,Circular cylinder,Gradient boosting regression trees,Machine learning,Random forest,Wind pressure},
  month     = mar,
  publisher = {Elsevier B.V.},
  year      = {2020},
}

@Article{Raissi2019,
  author    = {Raissi, Maziar and Wang, Zhicheng and Triantafyllou, Michael S. and Karniadakis, George Em},
  title     = {{Deep learning of vortex-induced vibrations}},
  doi       = {10.1017/jfm.2018.872},
  issn      = {1469-7645},
  pages     = {119--137},
  url       = {/core/journals/journal-of-fluid-mechanics/article/deep-learning-of-vortexinduced-vibrations/B7D9B152C42B7F1E895C1661F5A85881},
  volume    = {861},
  journal   = {Journal of Fluid Mechanics},
  keywords  = {computational methods,flow-structure interactions,vortex interactions},
  month     = feb,
  publisher = {Cambridge University Press},
  year      = {2019},
}

@Article{Ren2019,
  author    = {Ren, Feng and Wang, Chenglei and Tang, Hui},
  title     = {{Active control of vortex-induced vibration of a circular cylinder using machine learning}},
  doi       = {10.1063/1.5115258},
  issn      = {1089-7666},
  number    = {9},
  pages     = {093601},
  volume    = {31},
  journal   = {Physics of Fluids},
  month     = sep,
  publisher = {American Institute of Physics Inc.},
  year      = {2019},
}

@Article{Zdravkovich1983,
  author    = {Zdravkovich, M. M.},
  title     = {{Interference between two circular cylinders forming a cross}},
  doi       = {10.1017/S0022112083000464},
  issn      = {0022-1120},
  number    = {-1},
  pages     = {231},
  volume    = {128},
  journal   = {Journal of Fluid Mechanics},
  month     = mar,
  publisher = {Cambridge University Press},
  year      = {1983},
}

@Article{Zdravkovich1981,
  author  = {Zdravkovich, M.M.},
  title   = {{Review and classification of various aerodynamic and hydrodynamic means for suppressing vortex shedding}},
  doi     = {10.1016/0167-6105(81)90036-2},
  issn    = {0167-6105},
  number  = {2},
  pages   = {145--189},
  url     = {http://www.sciencedirect.com/science/article/pii/0167610581900362},
  volume  = {7},
  journal = {Journal of Wind Engineering and Industrial Aerodynamics},
  month   = mar,
  year    = {1981},
}

@Article{Zdravkovich1985,
  author    = {Zdravkovich, M.M.},
  title     = {{Flow induced oscillations of two interfering circular cylinders}},
  doi       = {10.1016/S0022-460X(85)80068-7},
  issn      = {0022-460X},
  number    = {4},
  pages     = {511--521},
  url       = {http://www.sciencedirect.com/science/article/pii/S0022460X85800687},
  volume    = {101},
  journal   = {Journal of Sound and Vibration},
  month     = aug,
  publisher = {Academic Press},
  year      = {1985},
}

@incollection{Zdravkovich1988,
  author = {Zdravkovich, M M},
  booktitle = {Advances in Wind Engineering},
  doi = {10.1016/B978-0-444-87156-5.50029-1},
  isbn = {9780444871565},
  pages = {183--199},
  publisher = {Elsevier},
  title = {{Review Of Interference-Induced Oscillations In Flow Past Two Parallel Circular Cylinders In Various Arrangements}},
  url = {http://linkinghub.elsevier.com/retrieve/pii/B9780444871565500291},
  year = {1988}
}

@book{Zdravkovich1997,
  author = {Zdravkovich, M. M.},
  title = {Flow around circular cylinders},
  isbn = {0198563965},
  url = {http://www.scopus.com/inward/record.url?eid=2-s2.0-0030744960{\&}partnerID=tZOtx3y1},
  year = {1997}
}

@Article{Xu2019,
  author    = {Xu, Wanhai and Ji, Chunning and Sun, Hai and Ding, Wenjun and Bernitsas, Michael M.},
  title     = {{Flow-induced vibration of two elastically mounted tandem cylinders in cross-flow at subcritical Reynolds numbers}},
  doi       = {10.1016/J.OCEANENG.2019.01.016},
  issn      = {0029-8018},
  pages     = {375--387},
  url       = {https://www.sciencedirect.com/science/article/pii/S0029801819300174},
  volume    = {173},
  journal   = {Ocean Engineering},
  month     = feb,
  publisher = {Pergamon},
  year      = {2019},
}

@book{Nakamura2013,
author = {Nakamura, Tomomichi and Kaneko, Shigehiko and Fumio, Inada and Minoru, Kato and Kunihiko, Ishihara and Nishihara, Takashi and Mureithi, Njuki W. and {Mikael A.}, Langthjem},
isbn = {0080983529},
mendeley-groups = {FIV General},
pages = {432},
publisher = {Butterworth-Heinemann},
title = {{Flow-Induced Vibrations: Classifications and Lessons from Practical Experiences}},
url = {https://books.google.com/books?hl=en{\&}lr={\&}id=LQusIJlDbswC{\&}pgis=1},
year = {2013}
}

@Article{Quen2014,
  author    = {Quen, Lee Kee and Abu, Aminudin and Kato, Naomi and Muhamad, Pauziah and Sahekhaini, Asnizah and Abdullah, Hanida},
  title     = {{Investigation on the effectiveness of helical strakes in suppressing VIV of flexible riser}},
  doi       = {10.1016/j.apor.2013.11.006},
  issn      = {0141-1187},
  pages     = {82--91},
  volume    = {44},
  isbn      = {9781632663870},
  journal   = {Applied Ocean Research},
  month     = jan,
  publisher = {Elsevier Ltd.},
  year      = {2014},
}

@Article{Vandiver2009,
  author  = {Vandiver, J. Kim and Jaiswal, V. and Jhingran, V.},
  title   = {{Insights on vortex-induced, traveling waves on long risers}},
  doi     = {10.1016/j.jfluidstructs.2008.11.005},
  issn    = {0889-9746},
  number  = {4},
  pages   = {641--653},
  url     = {http://www.sciencedirect.com/science/article/pii/S0889974608001321},
  volume  = {25},
  journal = {Journal of Fluids and Structures},
  month   = may,
  year    = {2009},
}

@Article{Xu2009,
  author  = {Xu, J. and He, M. and Bose, N.},
  title   = {{Vortex modes and vortex-induced vibration of a long, flexible riser}},
  doi     = {10.1016/j.oceaneng.2009.01.010},
  issn    = {0029-8018},
  number  = {6-7},
  pages   = {456--467},
  url     = {http://www.sciencedirect.com/science/article/pii/S0029801809000146},
  volume  = {36},
  journal = {Ocean Engineering},
  month   = may,
  year    = {2009},
}

@Article{Tanaka2012,
  author  = {Tanaka, Hideyuki and Tamura, Yukio and Ohtake, Kazuo and Nakai, Masayoshi and {Chul Kim}, Yong},
  title   = {{Experimental investigation of aerodynamic forces and wind pressures acting on tall buildings with various unconventional configurations}},
  doi     = {10.1016/j.jweia.2012.04.014},
  issn    = {0167-6105},
  pages   = {179--191},
  url     = {http://www.sciencedirect.com/science/article/pii/S016761051200116X},
  volume  = {107-108},
  journal = {Journal of Wind Engineering and Industrial Aerodynamics},
  month   = aug,
  year    = {2012},
}

@Article{Kim2002,
  author  = {Kim, Young-Moon and You, Ki-Pyo},
  title   = {{Dynamic responses of a tapered tall building to wind loads}},
  doi     = {10.1016/S0167-6105(02)00286-6},
  issn    = {0167-6105},
  number  = {12-15},
  pages   = {1771--1782},
  url     = {http://www.sciencedirect.com/science/article/pii/S0167610502002866},
  volume  = {90},
  journal = {Journal of Wind Engineering and Industrial Aerodynamics},
  month   = dec,
  year    = {2002},
}

@inproceedings{Barry2010,
author = {Barry, O and Oguamanam, D C D and Lin, D C},
booktitle = {Proceedings of the 23rd CANCAM},
pages = {950--952},
title = {{Free Vibration Analysis of a Single Conductor With a Stockbridge Damper}},
year = {2010}
}

@Article{Diana2003,
  author   = {Diana, Giorgio and Cigada, Alfredo and Belloli, Marco and Vanali, Marcello},
  title    = {{Stockbridge-type damper effectiveness evaluation: Part I - Comparison between tests on span and on the shaker}},
  doi      = {10.1109/TPWRD.2003.817797},
  issn     = {0885-8977},
  number   = {4},
  pages    = {1462--1469},
  volume   = {18},
  journal  = {IEEE Transactions on Power Delivery},
  keywords = {Aeolian vibration,Cable damping,Cable vibration,Stockbridge damper},
  year     = {2003},
}

@Article{Xia2015a,
  author    = {Xia, Yifan and Michelin, S{\'{e}}bastien and Doar{\'{e}}, Olivier},
  title     = {{Fluid-solid-electric lock-in of energy-harvesting piezoelectric flags}},
  doi       = {10.1103/PhysRevApplied.3.014009},
  issn      = {2331-7019},
  number    = {1},
  pages     = {14009},
  volume    = {3},
  journal   = {Physical Review Applied},
  publisher = {American Physical Society},
  year      = {2015},
}

@Article{Xia2015b,
  author    = {Xia, Yifan and Michelin, S{\'{e}}bastien Sebastien and Doar{\'{e}}, Olivier and Doare, Olivier},
  title     = {{Resonance-induced enhancement of the energy harvesting performance of piezoelectric flags}},
  doi       = {10.1063/1.4939117},
  issn      = {0003-6951},
  number    = {26},
  pages     = {1--5},
  volume    = {107},
  journal   = {Applied Physics Letters},
  publisher = {AIP Publishing},
  year      = {2015},
}

@Article{Doare2011,
  author  = {Doare, Olivier and Michelin, Sebastien},
  title   = {{Piezoelectric coupling in energy-harvesting fluttering flexible plates: Linear stability analysis and conversion efficiency}},
  doi     = {10.1016/j.jfluidstructs.2011.04.008},
  eprint  = {1104.3732},
  issn    = {0889-9746},
  number  = {8},
  pages   = {1357--1375},
  volume  = {27},
  isbn    = {0889-9746},
  journal = {Journal of Fluids and Structures},
  year    = {2011},
}

@Article{Kluger2013,
  author  = {Kluger, J.M. and Moon, F.C. and Rand, R.H.},
  title   = {{Shape optimization of a blunt body Vibro-wind galloping oscillator}},
  doi     = {10.1016/j.jfluidstructs.2013.03.014},
  issn    = {0889-9746},
  pages   = {185--200},
  url     = {http://www.sciencedirect.com/science/article/pii/S0889974613000868},
  volume  = {40},
  journal = {Journal of Fluids and Structures},
  month   = jul,
  year    = {2013},
}

@Article{Barrero-Gil2010,
  author    = {Barrero-Gil, A. and Alonso, G. and Sanz-Andres, A.},
  title     = {{Energy harvesting from transverse galloping}},
  doi       = {10.1016/j.jsv.2010.01.028},
  issn      = {0022-460X},
  number    = {14},
  pages     = {2873--2883},
  volume    = {329},
  isbn      = {0022-460X},
  journal   = {Journal of Sound and Vibration},
  keywords  = {VIV},
  month     = jul,
  publisher = {Elsevier},
  year      = {2010},
}

@Article{Luo2003,
  author  = {Luo, S.C. and Chew, Y.T. and Ng, Y.T.},
  title   = {{Hysteresis phenomenon in the galloping oscillation of a square cylinder}},
  doi     = {10.1016/S0889-9746(03)00084-7},
  issn    = {0889-9746},
  number  = {1},
  pages   = {103--118},
  url     = {http://www.sciencedirect.com/science/article/pii/S0889974603000847},
  volume  = {18},
  journal = {Journal of Fluids and Structures},
  month   = aug,
  year    = {2003},
}

@Article{Chen2012,
  author  = {Chen, Z. Q. and Liu, M. and Hua, X. and Mou, T.},
  title   = {{Flutter, Galloping, and Vortex-Induced Vibrations of H-Section Hangers}},
  doi     = {10.1061/(ASCE)BE.1943-5592.0000268.},
  issn    = {1084-0702},
  number  = {3},
  pages   = {500--508},
  volume  = {17},
  journal = {Journal of Bridge Engineering},
  year    = {2012},
}

@Article{Ogink2010,
  author  = {Ogink, R.H.M. and Metrikine, A.V.},
  title   = {{A wake oscillator with frequency dependent coupling for the modeling of vortex-induced vibration}},
  doi     = {10.1016/j.jsv.2010.07.008},
  issn    = {0022-460X},
  number  = {26},
  pages   = {5452--5473},
  url     = {http://www.sciencedirect.com/science/article/pii/S0022460X10004621},
  volume  = {329},
  journal = {Journal of Sound and Vibration},
  month   = dec,
  year    = {2010},
}

@Article{Bearman2011,
  author  = {Bearman, P.W.},
  title   = {{Circular cylinder wakes and vortex-induced vibrations}},
  doi     = {10.1016/j.jfluidstructs.2011.03.021},
  issn    = {0889-9746},
  number  = {5-6},
  pages   = {648--658},
  url     = {http://www.sciencedirect.com/science/article/pii/S0889974611000600},
  volume  = {27},
  journal = {Journal of Fluids and Structures},
  month   = jul,
  year    = {2011},
}

@Article{Carmo2013,
  author  = {Carmo, Bruno S. and Assi, Gustavo R.S. and Meneghini, Julio R.},
  title   = {{Computational simulation of the flow-induced vibration of a circular cylinder subjected to wake interference}},
  doi     = {10.1016/j.jfluidstructs.2013.02.010},
  issn    = {0889-9746},
  pages   = {99--108},
  url     = {http://linkinghub.elsevier.com/retrieve/pii/S0889974613000418},
  volume  = {41},
  journal = {Journal of Fluids and Structures},
  month   = aug,
  year    = {2013},
}

@article{Derakhshandeh2014,
author = {Derakhshandeh, J F and Arjomandi, M and Dally, B and Cazzolato, B},
doi = {10.1016/j.jfluidstructs.2014.06.005},
journal = {Journal of Fluids and Structures},
pages = {654--666},
title = {{The effect of arrangement of two circular cylinders on the maximum efficiency of Vortex-Induced Vibration power using a Scale-Adaptive Simulation model}},
url = {https://www.scopus.com/inward/record.uri?eid=2-s2.0-84905271504{\&}doi=10.1016{\%}2Fj.jfluidstructs.2014.06.005{\&}partnerID=40{\&}md5=2e075f7a296ab8a6f4d1e1d23bbcc05b},
volume = {49},
year = {2014}
}

@Article{Larsen1997,
  author   = {Larsen, Carl M. and Halse, Karl H.},
  title    = {{Comparison of models for vortex induced vibrations of slender marine structures}},
  doi      = {10.1016/S0951-8339(97)00011-7},
  issn     = {0951-8339},
  number   = {6},
  pages    = {413--441},
  url      = {http://www.sciencedirect.com/science/article/pii/S0951833997000117},
  volume   = {10},
  journal  = {Marine Structures},
  keywords = {response prediction,slender marine structures,vortex induced vibration},
  month    = jul,
  year     = {1997},
}

@Article{Khalak1999a,
  author  = {Khalak, A. and Williamson, C.H.K.},
  title   = {{Motions, Forces And Mode Transitions In Vortex-Induced Vibrations At Low Mass-Damping}},
  doi     = {10.1006/jfls.1999.0236},
  issn    = {0889-9746},
  number  = {7-8},
  pages   = {813--851},
  url     = {http://www.sciencedirect.com/science/article/pii/S0889974699902360},
  volume  = {13},
  journal = {Journal of Fluids and Structures},
  month   = oct,
  year    = {1999},
}

@Article{Shiraishi1988,
  author  = {Shiraishi, N. and Matsumoto, M. and Shirato, H. and Ishizaki, H.},
  title   = {{On aerodynamic stability effects for bluff rectangular cylinders by their corner-cut}},
  doi     = {10.1016/0167-6105(88)90133-X},
  issn    = {0167-6105},
  number  = {1-3},
  pages   = {371--380},
  url     = {http://www.sciencedirect.com/science/article/pii/016761058890133X},
  volume  = {28},
  journal = {Journal of Wind Engineering and Industrial Aerodynamics},
  month   = aug,
  year    = {1988},
}

@Article{Nakamura1986,
  author  = {Nakamura, Yasuharu and Nakashima, Masamichi},
  title   = {{Vortex excitation of prisms with elongated rectangular, H and |- cross-sections}},
  doi     = {10.1017/S0022112086002252},
  issn    = {1469-7645},
  journal = {Journal of Fluid Mechanics},
  year    = {1986},
}

@Article{Bernitsas2008a,
  author  = {Bernitsas, Michael M. and Raghavan, Kamaldev and Ben-Simon, Y. and Garcia, E. M. H.},
  title   = {{VIVACE (Vortex Induced Vibration Aquatic Clean Energy): A New Concept in Generation of Clean and Renewable Energy From Fluid Flow}},
  doi     = {10.1115/1.2957913},
  issn    = {0892-7219},
  isbn    = {0791837777},
  journal = {Journal of Offshore Mechanics and Arctic Engineering},
  year    = {2008},
}

@Article{Bernitsas2008b,
  author    = {Bernitsas, Michael M.M. and Raghavan, Kamaldev and Ben-Simon, Y. and Garcia, E.M.H. M. H.},
  title     = {{VIVACE (Vortex Induced Vibration Aquatic Clean Energy): A New Concept in Generation of Clean and Renewable Energy From Fluid Flow}},
  doi       = {10.1115/1.2957913},
  issn      = {0892-7219},
  number    = {4},
  pages     = {041101},
  url       = {http://www.scopus.com/record/display.url?eid=2-s2.0-56749179917{\&}origin=resultslist{\&}sort=plf-f{\&}src=s{\&}st1=A+new+concept+in+generation+of+clean+and+renewable+energy+from+fluid+flow{\&}sid=620865A71FAF26768C42655E1E8BC194.aXczxbyuHHiXgaIW6Ho7g:230{\&}sot=b{\&}sdt=b{\&} h},
  volume    = {130},
  isbn      = {0791837777},
  journal   = {Journal of Offshore Mechanics and Arctic Engineering},
  keywords  = {VIV,power harvesting,vortex-induced vibrations},
  month     = nov,
  publisher = {American Society of Mechanical Engineers},
  year      = {2008},
}

@inproceedings{Bernitsas2008c,
author = {Bernitsas, M.M. and Raghavan, K.},
booktitle = {Proceedings of the International Conference on Offshore Mechanics and Arctic Engineering - OMAE},
isbn = {9780791848227},
title = {{Reduction/suppression of VIV of circular cylinders through roughness distribution at $8 \times 10^{3} < \text{Re} < 1.5 \times 10^{5}$}},
volume = {5},
year = {2008}
}

@phdthesis{Raghavan2007,
author = {Raghavan, Kamaldev},
language = {English},
pages = {1--344},
school = {The University of Michigan},
title = {{Energy Extraction from a Steady Flow Using Vortex Induced Vibration.}},
type = {Doctoral Dissertation},
url = {http://deepblue.lib.umich.edu/handle/2027.42/55687},
year = {2007}
}

@article{Takaijudin2010,
author = {Takaijudin, Husna and Hashim, Ahmad Mustafa and Vallyutham, Kalaikumar and Shahir, Ainil Husna Ahmad and Ghazali, Abdul Halim},
journal = {International Conference on Sustainable Building and Infrastructure (ICSBI 2010)},
keywords = {drainage system,flooding,stormwater management,urban development},
pages = {5},
title = {{Implementation of Urban Stormwater Management Practices in Malaysia}},
year = {2010}
}

@misc{Abdullah2004,
author = {Abdullah, Keizrul},
booktitle = {International Conference on Bridge Engineering {\&} Hydraulic Structures},
pages = {59--79},
title = {{Stormwater Management and Road Tunnel (SMART) a Lateral Approach to Flood Mitigation Works}},
year = {2004}
}

@TechReport{Abdullah2011,
  author = {Abdullah, Keizrul},
  title  = {{Integrated River Basin Management Report}},
  number = {March},
  pages  = {1--5},
  school = {{Department of Irrigation and Drainage Malaysia}},
  year   = {2011},
}
{DIDMalaysia,
author = {{Department of Irrigation and Drainage Malaysia}},
journal = {http://www.Water.Gov.My/Images/Pdf/Managing{\_}Flood.Pdf},
pages = {1--11},
title = {{Managing The Flood Problem In Malaysia}}
year = {n.d.}
}

@article{Billa2004,
author = {Billa, Lawal and Mansor, Shattri and Mahmud, Ahmad Rodzi},
doi = {10.1108/09653560410568471},
isbn = {0965356041056},
issn = {0965-3562},
journal = {Disaster Prevention and Management},
pages = {356--363},
title = {{Spatial information technology in flood early warning systems: an overview of theory, application and latest developments in Malaysia}},
volume = {13},
year = {2004}
}

@Article{Chia2004,
  author  = {Chia, Chong Wing},
  title   = {{Managing flood problems in Malaysia}},
  journal = {Buletin Ingeniur},
  month   = jun,
  year    = {2004},
}

@misc{KementerianKewanganMalaysia2015,
author = {{Kementerian Kewangan Malaysia}},
publisher = {Percetakan Nasional Malaysia Berhad},
title = {{Bajet 2016}},
url = {http://www.treasury.gov.my/index.php?option=com{\_}content{\&}view=article{\&}id=6437:ucapan-bajet-2016{\&}catid=256{\&}Itemid=2472{\&}lang=ms},
year = {2015}
}

@misc{DIDMalaysia2010,
address = {Kuala Lumpur},
author = {{Department of Irrigation and Drainage Malaysia}},
publisher = {Ministry of Natural Resources and Environment Malaysia},
title = {{Hydrological Procedure No.27 (Estimation of Design Flood Hydrograph)}},
year = {2010}
}

@Article{Bukka2020,
  author  = {Bukka, S. R. and Magee, A. R. and Jaiman, R. K.},
  title   = {{Stability analysis of passive suppression for vortex-induced vibration}},
  doi     = {10.1017/jfm.2019.1026},
  issn    = {1469-7645},
  journal = {Journal of Fluid Mechanics},
  year    = {2020},
}

@Misc{Liu2020,
  author    = {Liu, Guijie and Li, Haiyang and Qiu, Zhaozun and Leng, Dingxin and Li, Zhixiong and Li, Weihua},
  title     = {{A mini review of recent progress on vortex-induced vibrations of marine risers}},
  doi       = {10.1016/j.oceaneng.2019.106704},
  booktitle = {Ocean Engineering},
  issn      = {0029-8018},
  year      = {2020},
}

@Article{Zhang2020,
  author  = {Zhang, Jie and Guo, He and Tang, Yougang and Li, Yulong},
  title   = {{Effect of top tension on vortex-induced vibration of deep-sea risers}},
  doi     = {10.3390/jmse8020121},
  issn    = {2077-1312},
  journal = {Journal of Marine Science and Engineering},
  year    = {2020},
}

@Article{Meng2020,
  author  = {Meng, Shuai and Chen, Yong and Che, Chidong},
  title   = {{Slug flow's intermittent feature affects VIV responses of flexible marine risers}},
  doi     = {10.1016/j.oceaneng.2019.106883},
  issn    = {0029-8018},
  journal = {Ocean Engineering},
  year    = {2020},
}

@article{Arul2020,
author = {Arul, Monica and Kareem, Ahsan and Kwon, Dae Kun},
doi = {10.1061/(asce)st.1943-541x.0002799},
issn = {0733-9445},
journal = {Journal of Structural Engineering},
title = {{Identification of Vortex-Induced Vibration of Tall Building Pinnacle Using Cluster Analysis for Fatigue Evaluation: Application to Burj Khalifa}},
year = {2020}
}

@Article{Hao2020,
  author   = {Hao, Wei and Yang, Qingshan},
  title    = {{Reformative translation model for probability density functions of amplitude processes of crosswind-excited super-tall buildings}},
  doi      = {10.1177/1369433219886086},
  issn     = {2048-4011},
  journal  = {Advances in Structural Engineering},
  keywords = {CDF mapping,crosswind response,non-Gaussian amplitude process,super-tall buildings,translation model,vortex-induced vibration},
  year     = {2020},
}

@Article{Gao2020,
  author   = {Gao, Guangzhong and Zhu, Ledong and Li, Jiawu and Han, Wanshui},
  title    = {{Application of a new empirical model of nonlinear self-excited force to torsional vortex-induced vibration and nonlinear flutter of bluff bridge sections}},
  doi      = {10.1016/j.jweia.2020.104313},
  issn     = {0167-6105},
  journal  = {Journal of Wind Engineering and Industrial Aerodynamics},
  keywords = {Aerodynamic nonlinearity,Soft flutter,Two-edge-box girder,Universal self-excited force model,Vortex-induced vibration},
  year     = {2020},
}

@Article{Liu2020,
  author   = {Liu, Chang and Fu, Shixiao and Zhang, Mengmeng and Ren, Haojie and Xu, Yuwang},
  title    = {{Hydrodynamics of a flexible cylinder under modulated vortex-induced vibrations}},
  doi      = {10.1016/j.jfluidstructs.2020.102913},
  issn     = {1095-8622},
  journal  = {Journal of Fluids and Structures},
  keywords = {Amplitude modulation,Forgetting Factor Least Squares method,Frequency modulation,Modulated vortex-induced vibration,Time-varying hydrodynamics},
  year     = {2020},
}

@Article{Wang2019,
  author   = {Wang, Pengfei and Zhao, Wensheng and Jiang, Jin and Wang, Xiaochuan and Li, Shunyang and Luo, Xiangyu},
  title    = {{Experimental and numerical investigations of flow-induced vibration of tube arrays subjected to cross flow}},
  doi      = {10.1016/j.ijpvp.2019.103956},
  issn     = {0308-0161},
  journal  = {International Journal of Pressure Vessels and Piping},
  keywords = {Cross flow,Experimental investigation,Flow-induced vibration,LES,Tube array},
  year     = {2019},
}

@Article{Gomez-Ortega2019,
  author   = {G{\'{o}}mez-Ortega, Omar and Manzanares-Bercial, Raul and Ogueta-Guti{\'{e}}rrez, Mikel and Lopez-Nu{\~{n}}ez, Elena and Franchini, Sebasti{\'{a}}n and Roib{\'{a}}s-Mill{\'{a}}n, Elena and Sanz-Andres, Angel},
  title    = {{Experiments on the transverse aeroelastic instability of a single sphere in a swing configuration under a longitudinal wind}},
  doi      = {10.1016/j.jweia.2019.103979},
  issn     = {0167-6105},
  journal  = {Journal of Wind Engineering and Industrial Aerodynamics},
  keywords = {Guard cables with beacons,Longitudinal wind,Swinging sphere,Transverse aeroelastic instability,Whirling autorotation},
  year     = {2019},
}

@misc{KementerianKewanganMalaysia2019,
author = {{Kementerian Kewangan Malaysia}},
publisher = {Percetakan Nasional Malaysia Berhad},
title = {{Belanjawan 2020}},
url = {http://www.kabinet.gov.my/bkpp/pdf/belanjawan/2020.pdf},
year = {2019}
}

@misc{MAMPU2016,
author = {{Unit Pemodenan Tadbiran dan Perancangan Pengurusan Malaysia}},
publisher = {Percetakan Nasional Malaysia Berhad},
title = {Pelan Strategik ICT Sektor Awam 2016-2020},
url = {https://www.mampu.gov.my/ms/penerbitan-mampu/send/2-buku/680-pelan-strategik-ict-sektor-awam-2016-2020-versi-bm-2},
year = {2016}
}

@misc{DIDMalaysia2016,
author = {{Department of Irrigation and Drainage Malaysia}},
publisher = {Percetakan Nasional Malaysia Berhad},
title = {Pelan Strategik Jabatan Pengairan dan Saliran Malaysia 2016-2020},
url = {http://water.selangor.gov.my/index.php/en/maklumat-jabatan/fungsi-jabatan/pengurusan-pantai/2-uncategorised/243-strategi-dan-formulasi-tindakan-pelan-strategik-jps-2016-2020},
year = {2016}
}

@Article{Durhasan2019,
  author    = {Durhasan, T. and Pinar, E. and Ozkan, G.M. and Akilli, H. and Sahin, B.},
  title     = {{The effect of shroud on vortex shedding mechanism of cylinder}},
  doi       = {10.1016/j.apor.2019.01.007},
  issn      = {0141-1187},
  pages     = {51--61},
  url       = {https://linkinghub.elsevier.com/retrieve/pii/S0141118718305467},
  volume    = {84},
  journal   = {Applied Ocean Research},
  keywords  = {Cylinder,Drag coefficient,PIV,Shroud,Vortex shedding mechanism},
  month     = mar,
  publisher = {Elsevier Ltd},
  year      = {2019},
}

@InProceedings{Yokoi2016,
  author    = {Yokoi, Yoshifumi},
  booktitle = {AIP Conference Proceedings},
  title     = {{Flow visualization of the vortex shedding from an in-line oscillating circular cylinder with splitter plate}},
  doi       = {10.1063/1.4953760},
  isbn      = {9780735414020},
  number    = {1},
  pages     = {020066},
  publisher = {American Institute of Physics Inc.},
  volume    = {1745},
  issn      = {1551-7616},
  month     = jun,
  year      = {2016},
}

@Article{Desai2020,
  author    = {Desai, Aditya and Mittal, Sanchit and Mittal, Sanjay},
  title     = {{Experimental investigation of vortex shedding past a circular cylinder in the high subcritical regime}},
  doi       = {10.1063/1.5124168},
  issn      = {1089-7666},
  number    = {1},
  pages     = {014105},
  volume    = {32},
  journal   = {Physics of Fluids},
  month     = jan,
  publisher = {American Institute of Physics Inc.},
  year      = {2020},
}

@Article{Gazis2020,
  author  = {Gazis, Alexandros and Katsiri, Eleftheria},
  title   = {{A wireless sensor network for underground passages: Remote sensing and wildlife monitoring}},
  doi     = {10.1002/eng2.12170},
  issn    = {2577-8196},
  number  = {6},
  volume  = {2},
  journal = {Engineering Reports},
  month   = jun,
  year    = {2020},
}

@Article{Pathak2020,
  author   = {Pathak, A.},
  title    = {{An artificial bee colony inspired clustering solution to prolong lifetime of wireless sensor networks}},
  doi      = {10.22068/IJEEE.16.4.425},
  issn     = {2383-3890},
  journal  = {Iranian Journal of Electrical and Electronic Engineering},
  keywords = {Artificial Bee Colony,Clustering,Network lifetime,Wireless sensor network},
  year     = {2020},
}

@inproceedings{Kadir2019,
author = {Kadir, Evizal Abdul and Rosa, Sri Listia and Yulianti, An},
booktitle = {Proceedings of 2018 International Conference on Electrical Engineering and Computer Science, ICECOS 2018},
doi = {10.1109/ICECOS.2018.8605197},
isbn = {9781538657201},
keywords = {Detection,Forest Fire,Sensors,WSNs},
title = {{Application of WSNs for Detection Land and Forest Fire in Riau Province Indonesia}},
year = {2019}
}

@Article{Zellweger2019,
  author   = {Zellweger, Florian and Coomes, David and Lenoir, Jonathan and Depauw, Leen and Maes, Sybryn L. and Wulf, Monika and Kirby, Keith J. and Brunet, J{\"{o}}rg and Kopeck{\'{y}}, Martin and M{\'{a}}li{\v{s}}, Franti{\v{s}}ek and Schmidt, Wolfgang and Heinrichs, Steffi and den Ouden, Jan and Jaroszewicz, Bogdan and Buyse, Gauthier and Spicher, Fabien and Verheyen, Kris and {De Frenne}, Pieter},
  title    = {{Seasonal drivers of understorey temperature buffering in temperate deciduous forests across Europe}},
  doi      = {10.1111/geb.12991},
  issn     = {1466-8238},
  journal  = {Global Ecology and Biogeography},
  keywords = {canopy density,climate change,forest composition,forest structure,global warming,macroclimate,microclimate,temperature buffering,understorey},
  year     = {2019},
}

@Article{Ni2020,
  author  = {Ni, Fu Tao and Zhang, Jian and Noori, Mohammad N.},
  title   = {{Deep learning for data anomaly detection and data compression of a long-span suspension bridge}},
  doi     = {10.1111/mice.12528},
  issn    = {1467-8667},
  journal = {Computer-Aided Civil and Infrastructure Engineering},
  year    = {2020},
}

@article{SadeghiEshkevari2020,
author = {{Sadeghi Eshkevari}, Soheil and Pakzad, Shamim N. and Tak{\'{a}}{\v{c}}, Martin and Matarazzo, Thomas J.},
doi = {10.1061/(asce)em.1943-7889.0001733},
issn = {0733-9399},
journal = {Journal of Engineering Mechanics},
title = {{Modal Identification of Bridges Using Mobile Sensors with Sparse Vibration Data}},
year = {2020}
}

@Article{Mao2020,
  author   = {Mao, Ying Chi and Cheng, Yang Kun and Qi, Hai},
  title    = {{Sensor Network Partition Based on the Spatial-Temporal Features for Structure Safety Monitoring}},
  doi      = {10.11897/SP.J.1016.2020.00631},
  issn     = {0254-4164},
  journal  = {Jisuanji Xuebao/Chinese Journal of Computers},
  keywords = {Autoencoder,Network partition,Safety monitoring,Spatial-temporal feature,Wireless sensor network},
  year     = {2020},
}

@Article{Geyer2020,
  author    = {Geyer, Thomas F.},
  title     = {{Vortex shedding noise from finite, wall-mounted, circular cylinders modified with porous material}},
  doi       = {10.2514/1.J058877},
  issn      = {0001-1452},
  number    = {5},
  pages     = {2014--2028},
  volume    = {58},
  journal   = {AIAA Journal},
  month     = feb,
  publisher = {American Institute of Aeronautics and Astronautics Inc.},
  year      = {2020},
}

@InProceedings{Ledda2018,
  author        = {Ledda, P. G. and Siconolfi, L. and Viola, F. and Gallaire, F. and Camarri, S.},
  booktitle     = {Physical Review Fluids},
  title         = {{Suppression of von K{\'{a}}rm{\'{a}}n vortex streets past porous rectangular cylinders}},
  doi           = {10.1103/PhysRevFluids.3.103901},
  eprint        = {1805.11862},
  number        = {10},
  pages         = {103901},
  publisher     = {American Physical Society},
  volume        = {3},
  archiveprefix = {arXiv},
  arxivid       = {1805.11862},
  issn          = {2469-990X},
  month         = oct,
  year          = {2018},
}

@Article{Arsh2020,
  author    = {Arsh, Basheer Al},
  title     = {{Advances in the smart materials applications in the aerospace industries}},
  doi       = {10.1108/AEAT-02-2020-0040},
  issn      = {1748-8842},
  number    = {7},
  pages     = {1027--1035},
  volume    = {92},
  journal   = {Aircraft Engineering and Aerospace Technology},
  month     = jan,
  publisher = {Emerald Publishing Limited},
  year      = {2020},
}

@Article{Asano2020,
  author    = {Asano, Yuta and Watanabe, Hiroshi and Noguchi, Hiroshi},
  title     = {{Effects of cavitation on K{\'{a}}rm{\'{a}}n vortex behind circular-cylinder arrays: A molecular dynamics study}},
  doi       = {10.1063/1.5138212},
  issn      = {0021-9606},
  number    = {3},
  pages     = {034501},
  volume    = {152},
  journal   = {Journal of Chemical Physics},
  month     = jan,
  pmid      = {31968948},
  publisher = {American Institute of Physics Inc.},
  year      = {2020},
}

@Article{Xiong2018,
  author   = {Xiong, Chengwang and Cheng, Liang and Tong, Feifei and An, Hongwei},
  title    = {{On regime C flow around an oscillating circular cylinder}},
  doi      = {10.1017/jfm.2018.436},
  issn     = {1469-7645},
  journal  = {Journal of Fluid Mechanics},
  keywords = {bifurcation,vortex instability},
  year     = {2018},
}

@misc{AlvesPortela2020,
author = {{Alves Portela}, F. and Papadakis, G. and Vassilicos, J. C.},
booktitle = {arXiv},
issn = {0022-1120},
title = {{The role of Coherent Structures and Inhomogeneity in Near-Field Inter-Scale Turbulent Energy Transfers}},
year = {2020}
}

@InProceedings{Deloze2016,
  author    = {Deloze, T. and Hoarau, Y. and Chinaud, M. and Scheller, J. and Deri, E. and Rouchon, J. F. and Duhayon, E. and Braza, M.},
  booktitle = {Notes on Numerical Fluid Mechanics and Multidisciplinary Design},
  title     = {{Dynamic effect of an active deformable flat plate on its turbulent flow}},
  doi       = {10.1007/978-3-319-27386-0_19},
  isbn      = {9783319273846},
  issn      = {1612-2909},
  keywords  = {Deformation,Flat plate,Shape memory alloys,Turbulence},
  year      = {2016},
}

@Article{Shao2016,
  author   = {Shao, Wei Dong and Li, Jun},
  title    = {{Numerical prediction of noise induced by flow around a cylinder considering the convection effect}},
  issn     = {0253-231X},
  journal  = {Kung Cheng Je Wu Li Hsueh Pao/Journal of Engineering Thermophysics},
  keywords = {Aeroacoustical noise,Convection effect,Flow around circular cylinder,Frequency analysis},
  year     = {2016},
}

@Article{Liu2020,
  author   = {Liu, Guijie and Li, Haiyang and Qiu, Zhaozun and Leng, Dingxin and Li, Zhixiong and Li, Weihua},
  title    = {{A mini review of recent progress on vortex-induced vibrations of marine risers}},
  doi      = {10.1016/j.oceaneng.2019.106704},
  issn     = {0029-8018},
  pages    = {106704},
  url      = {https://linkinghub.elsevier.com/retrieve/pii/S0029801819308182},
  volume   = {195},
  journal  = {Ocean Engineering},
  keywords = {Floating platform,Internal flow,Marine risers,Multi-mode response,Vortex-induced vibration},
  month    = jan,
  year     = {2020},
}

@Article{Kang2020,
  author   = {Kang, Yongtian and Xiao, Wensheng and Wang, Quanbin and Zhang, Dagang and Zhao, Jun},
  title    = {{Suppression of Vortex-Induced Vibration by Fairings on Marine Risers}},
  doi      = {10.1007/s11802-020-4033-0},
  issn     = {1672-5182},
  number   = {2},
  pages    = {298--306},
  volume   = {19},
  journal  = {Journal of Ocean University of China},
  keywords = {faring devices,finite element analysis,testing,vortex-induced vibration},
  month    = apr,
  year     = {2020},
}

@Article{Gibeau2019,
  author    = {Gibeau, Bradley and Ghaemi, Sina},
  title     = {{The mode B structure of streamwise vortices in the wake of a two-dimensional blunt trailing edge}},
  doi       = {10.1017/jfm.2019.931},
  issn      = {1469-7645},
  url       = {https://www.cambridge.org/core/journals/journal-of-fluid-mechanics/article/abs/mode-b-structure-of-streamwise-vortices-in-the-wake-of-a-twodimensional-blunt-trailing-edge/96902F0B5708A2903A2A37DFCCC0A89B},
  volume    = {884},
  journal   = {Journal of Fluid Mechanics},
  keywords  = {vortex shedding,wakes},
  publisher = {Cambridge University Press},
  year      = {2019},
}

@Article{Gibeau2018,
  author    = {Gibeau, B. and Koch, C. R. and Ghaemi, S.},
  title     = {{Secondary instabilities in the wake of an elongated two-dimensional body with a blunt trailing edge}},
  doi       = {10.1017/jfm.2018.285},
  issn      = {1469-7645},
  pages     = {578--604},
  url       = {https://www.cambridge.org/core/journals/journal-of-fluid-mechanics/article/abs/secondary-instabilities-in-the-wake-of-an-elongated-twodimensional-body-with-a-blunt-trailing-edge/A4EC8275E0795D5C250592FAD4432D2D},
  volume    = {846},
  journal   = {Journal of Fluid Mechanics},
  keywords  = {turbulent flows,vortex shedding,wakes},
  month     = jul,
  publisher = {Cambridge University Press},
  year      = {2018},
}

@Article{Agbaglah2019,
  author    = {Agbaglah, G. and Mavriplis, C.},
  title     = {{Three-dimensional wakes behind cylinders of square and circular cross-section: Early and long-time dynamics}},
  doi       = {10.1017/jfm.2019.265},
  issn      = {1469-7645},
  pages     = {419--432},
  url       = {https://www.cambridge.org/core/journals/journal-of-fluid-mechanics/article/abs/threedimensional-wakes-behind-cylinders-of-square-and-circular-crosssection-early-and-longtime-dynamics/CD67101DDF06DC60C861D404743DB48E},
  volume    = {870},
  journal   = {Journal of Fluid Mechanics},
  keywords  = {nonlinear instability,vortex shedding,wakes},
  month     = jul,
  publisher = {Cambridge University Press},
  year      = {2019},
}

@Article{Rai2018,
  author    = {Rai, Man Mohan},
  title     = {{Vortex shedding characteristics of the wake of a thin flat plate with a circular trailing edge}},
  doi       = {10.1016/j.ijheatfluidflow.2018.05.015},
  issn      = {0142-727X},
  pages     = {20--36},
  volume    = {72},
  journal   = {International Journal of Heat and Fluid Flow},
  month     = aug,
  publisher = {Elsevier B.V.},
  year      = {2018},
}

@Article{Lin2018,
  author    = {Lin, L. M. and Zhong, X. F. and Wu, Y. X.},
  title     = {{Effect of perforation on flow past a conic cylinder at Re = 100: vortex-shedding pattern and force history}},
  doi       = {10.1007/s10409-017-0707-2},
  issn      = {1614-3116},
  number    = {2},
  pages     = {238--256},
  volume    = {34},
  journal   = {Acta Mechanica Sinica/Lixue Xuebao},
  keywords  = {Conical shroud,Flow control,Fluid forces,Perforation,Vortex shedding pattern},
  month     = apr,
  publisher = {Springer Verlag},
  year      = {2018},
}

@Article{Zhang2016,
  author    = {Zhang, Hongfu and Xin, Dabo and Ou, Jinping},
  title     = {{Wake control of vortex shedding based on spanwise suction of a bridge section model using Delayed Detached Eddy Simulation}},
  doi       = {10.1016/j.jweia.2016.05.004},
  issn      = {0167-6105},
  pages     = {100--114},
  volume    = {155},
  journal   = {Journal of Wind Engineering and Industrial Aerodynamics},
  keywords  = {Bridges,Delayed Detached Eddy Simulation,Secondary wake instability,Spanwise suction control,Spanwsie vortex shedding},
  month     = aug,
  publisher = {Elsevier B.V.},
  year      = {2016},
}

@Article{Zhang2019,
  author    = {Zhang, Hongfu and Xin, Dabo and Ou, Jinping},
  title     = {{Wake control using spanwise-varying vortex generators on bridge decks: A computational study}},
  doi       = {10.1016/j.jweia.2018.11.031},
  issn      = {0167-6105},
  pages     = {185--197},
  volume    = {184},
  journal   = {Journal of Wind Engineering and Industrial Aerodynamics},
  keywords  = {Bridge,Dynamic mode decomposition,Three-dimensional spanwise-varying control,Vortex generator,Vortex-induced vibration,Wake},
  month     = jan,
  publisher = {Elsevier B.V.},
  year      = {2019},
}

@Article{Takahashi1999,
  author  = {Takahashi, Tsutomu and Baranyi, Laszlo and Shirakashi, Masataka},
  title   = {{Configuration and Frequency of Longitudinal Vortices Shedding from Circular Cylinders in Cruciform Arrangement}},
  doi     = {10.3154/jvs.19.75_328},
  number  = {75},
  pages   = {64--72},
  volume  = {19},
  journal = {Journal of the Visualization Society of Japan},
  year    = {1999},
}

@article{Shirakashi2001,
author = {Shirakashi, M and Takahashi, T and Kumagai, I and Matsumoto, T},
journal = {Journal of Computational and Applied Mechanics},
number = {1},
pages = {103--122},
title = {{Vortex-induced vibration of the upstream cylinder of a two-cylinder system in cruciform arrangement}},
volume = {2},
year = {2001}
}

@article{Bae2001,
author = {Bae, Heon Meen and Baranyi, Laszlo and Koide, Mizuyasu and Takahashi, Tsutomu and Shirakashi, Masataka},
doi = {10.1007/s13398-014-0173-7.2},
isbn = {9780874216561},
issn = {0717-6163},
journal = {Journal of Computational and Applied Mechanics},
number = {2},
pages = {175--188},
title = {{Suppression of Karman Vortex Excitation of a Circular Cylinder By a Second Cylinder set Downstream in Cruciform Arrangement}},
url = {http://www.ncbi.nlm.nih.gov/pubmed/15003161{\%}5Cnhttp://cid.oxfordjournals.org/lookup/doi/10.1093/cid/cir991{\%}5Cnhttp://www.scielo.cl/pdf/udecada/v15n26/art06.pdf{\%}5Cnhttp://www.scopus.com/inward/record.url?eid=2-s2.0-84861150233{\&}partnerID=tZOtx3y1},
volume = {2},
year = {2001}
}

@Article{Chang2011,
  author   = {Chang, Che-Chun (Jim) and {Ajith Kumar}, R. and Bernitsas, Michael M.},
  title    = {{VIV and galloping of single circular cylinder with surface roughness at 3.0$\times10^{4}\leq$Re$\leq1.2\times10^{5}$}},
  doi      = {10.1016/j.oceaneng.2011.07.013},
  issn     = {0029-8018},
  number   = {16},
  pages    = {1713--1732},
  url      = {https://linkinghub.elsevier.com/retrieve/pii/S0029801811001582},
  volume   = {38},
  journal  = {Ocean Engineering},
  keywords = {Flow Induced Motions,Galloping,Hydrokinetic energy,Passive Turbulence Control,Surface roughness,VIV,VIVACE Converter,Vortex induced vibrations},
  month    = nov,
  year     = {2011},
}

@Article{Park2013,
  author   = {Park, Hongrae and Kumar, R. Ajith and Bernitsas, Michael M.},
  title    = {{Enhancement of flow-induced motion of rigid circular cylinder on springs by localized surface roughness at 3$\times10^{4}\leq$Re$\leq1.2\times10^{5}$}},
  doi      = {10.1016/j.oceaneng.2013.06.026},
  issn     = {0029-8018},
  pages    = {403--415},
  url      = {https://linkinghub.elsevier.com/retrieve/pii/S0029801813002722},
  volume   = {72},
  isbn     = {0029-8018},
  journal  = {Ocean Engineering},
  keywords = {Circular cylinder,Enhancement of FIM,Flow-induced motions,Hard galloping,Passive turbulence control,Soft galloping,Surface roughness,Vortex-induced vibrations,Wake-vortex structures},
  month    = nov,
  year     = {2013},
}

@Article{Park2016,
  author   = {Park, Hongrae and {Ajith Kumar}, R. and Bernitsas, Michael M.},
  title    = {{Suppression of vortex-induced vibrations of rigid circular cylinder on springs by localized surface roughness at $3\times10^{4}\leq\text{Re}\leq1.2\times10^{5}$}},
  doi      = {10.1016/j.oceaneng.2015.10.044},
  issn     = {0029-8018},
  pages    = {218--233},
  url      = {https://linkinghub.elsevier.com/retrieve/pii/S0029801815005910},
  volume   = {111},
  isbn     = {0029-8018},
  journal  = {Ocean Engineering},
  keywords = {Circular cylinder,Distributed roughness,Flow-induced motions,Suppression,Vortex-induced vibrations,Wake vortex structures},
  month    = jan,
  year     = {2016},
}

@inproceedings{Ding2017,
author = {Ding, W and Sun, H and Xu, W and Bernitsas, M M},
booktitle = {Proceedings of the International Conference on Offshore Mechanics and Arctic Engineering - OMAE},
doi = {10.1115/OMAE2017-62271},
keywords = {Review1},
title = {{Two tandem cylinders with turbulence stimulation in FIV power conversion: CFD with experimental verification of interaction}},
url = {https://www.scopus.com/inward/record.uri?eid=2-s2.0-85032024173{\&}doi=10.1115{\%}2FOMAE2017-62271{\&}partnerID=40{\&}md5=409ba703a93beb879e4a1a62be1909f8},
volume = {10},
year = {2017}
}

@inproceedings{Xu2017,
author = {Xu, Wanhai and Ji, Chunning and Sun, Hai and Ding, Wenjun and Bernitsas, Michael M},
booktitle = {Volume 10: Ocean Renewable Energy},
doi = {10.1115/OMAE2017-62693},
isbn = {978-0-7918-5778-6},
keywords = {Review1},
month = {jun},
publisher = {American Society of Mechanical Engineers},
title = {{Flow-Induced Vibration (FIV) and Hydrokinetic Power Conversion of Two Staggered, Low Mass-Ratio Cylinders, With Passive Turbulence Control in the TrSL3 Flow Regime ($2.5 \times 10^{4} \leq \text{Re} \leq 1.2 \times 10^{5}$)}},
url = {https://asmedigitalcollection.asme.org/OMAE/proceedings/OMAE2017/57786/Trondheim, Norway/282128},
volume = {10},
year = {2017}
}

@article{Yuan2020,
author = {Yuan, Wenyong and Sun, Hai and Li, Hui and Bernitsas, Michael M.},
doi = {10.1016/j.oceaneng.2020.108237},
issn = {00298018},
journal = {Ocean Engineering},
keywords = {Flow-induced oscillation,Galloping,Hydrokinetic energy harnessing,Synergistic oscillation patterns,Tandem cylinders,Vortex-induced vibration},
month = {dec},
pages = {108237},
title = {{Flow-induced oscillation patterns for two tandem cylinders with turbulence stimulation and variable stiffness and damping}},
url = {https://linkinghub.elsevier.com/retrieve/pii/S0029801820311598},
volume = {218},
year = {2020}
}

@inproceedings{Gumelar2019,
author = {Gumelar, Agustinus Bimo and Purnomo, Mauridhi Hery and Yuniarno, Eko Mulyanto and Sugiarto, Indar},
booktitle = {2018 International Conference on Computer Engineering, Network and Intelligent Multimedia, CENIM 2018 - Proceeding},
doi = {10.1109/CENIM.2018.8710943},
isbn = {9781538675090},
keywords = {Hilbert Huang Transform,Hilbert Spectrum,Human Voice Analysis,Spectral Analysis},
title = {{Spectral Analysis of Familiar Human Voice Based On Hilbert-Huang Transform}},
year = {2019}
}

@article{Chen2019,
author = {Chen, Hongsong and Meng, Caixia and Shan, Zhiguang and Fu, Zhongchuan and Bhargava, Bharat K.},
doi = {10.1109/ACCESS.2019.2903816},
issn = {21693536},
journal = {IEEE Access},
title = {{A novel low-rate denial of service attack detection approach in zigbee wireless sensor network by combining hilbert-huang transformation and trust evaluation}},
year = {2019}
}

@article{Zhou2019,
author = {Zhou, Lingfeng and Meng, Yaobin and Abbaspour, Karim C.},
doi = {10.1016/j.jhydrol.2019.05.047},
issn = {00221694},
journal = {Journal of Hydrology},
keywords = {Empirical Mode Decomposition,Frequency domain (spectral) analysis,KNN,MulGETS,Principal component analysis,Weather generator},
title = {{A new framework for multi-site stochastic rainfall generator based on empirical orthogonal function analysis and Hilbert-Huang transform}},
year = {2019}
}

@misc{Zhu2019,
author = {Zhu, Xiang and Cao, Maosen and Ostachowicz, Wieslaw and Xu, Wei},
booktitle = {Sensors (Switzerland)},
doi = {10.3390/s19030463},
issn = {14248220},
keywords = {Bridge,Damage identification,Dynamic response,Fourier transform,Heuristic interrogation,Hilbert‐Huang transform,Moving load,Wavelet transform},
title = {{Damage identification in bridges by processing dynamic responses to moving loads: Features and evaluation}},
year = {2019}
}

@article{Park2017,
author = {Park, Hongrae and Kim, Eun Soo and Bernitsas, Michael M.},
doi = {10.1115/1.4035140},
issn = {0892-7219},
journal = {Journal of Offshore Mechanics and Arctic Engineering},
month = {apr},
number = {2},
pages = {021802},
publisher = {American Society of Mechanical Engineers},
title = {{Sensitivity to Zone Covering of the Map of Passive Turbulence Control to Flow-Induced Motions for a Circular Cylinder at $30000 \leq \re \leq 120000$}},
url = {https://asmedigitalcollection.asme.org/offshoremechanics/article/doi/10.1115/1.4035140/377160/Sensitivity-to-Zone-Covering-of-the-Map-of-Passive},
volume = {139},
year = {2017}
}

@article{Sun2018,
author = {Sun, Hai and Ma, Chunhui and Bernitsas, Michael M.},
doi = {10.1016/J.ENERGY.2018.04.065},
issn = {0360-5442},
journal = {Energy},
month = {jun},
pages = {490--508},
publisher = {Pergamon},
title = {{Hydrokinetic power conversion using Flow Induced Vibrations with cubic restoring force}},
url = {https://www.sciencedirect.com/science/article/pii/S0360544218306728},
volume = {153},
year = {2018}
}

@article{Ma2018,
author = {Ma, C and Sun, H and Bernitsas, M M},
doi = {10.1115/1.4038584},
journal = {Journal of Offshore Mechanics and Arctic Engineering},
keywords = {Review1},
number = {4},
title = {{Nonlinear piecewise restoring force in hydrokinetic power conversion using flow-induced vibrations of two tandem cylinders}},
url = {https://www.scopus.com/inward/record.uri?eid=2-s2.0-85040581441{\&}doi=10.1115{\%}2F1.4038584{\&}partnerID=40{\&}md5=673f37e8616aea9051cf6fcd8b77967e},
volume = {140},
year = {2018}
}
